1891 2866
511 163 542 185 lN
571 162 675 185 EPIST.
706 162 727 184 1.

61 225 87 254 δέ
103 237 190 265 φησιν,
202 226 240 254 ὅτι
256 227 312 254 Οὐκ
328 225 497 264 ,χρησαίμεθα
511 227 544 264 τῇ
557 223 659 263 ἐξουσίᾳ
671 223 760 263 ταύτῃ.
777 223 828 252 Καὶ

767 162 803 183 Π)
831 161 906 184 COR·

936 161 1051 183 nomn„
1082 160 1152 183 XXI.
1553 156 1616 190 217

884 223 950 250 Non
963 223 1065 261 scripsi
1084 228 1181 250 aulem
1196 221 1267 256 Ιιαέ,
1283 227 1313 249 ιιι
1329 223 1369 249 sic
1385 223 1414 249 in
1429 219 1558 259 mefiat:
1576 217 1619 245 hie

60 272 90 301 τὸ
103 273 134 307 δὴ
147 273 244 310 μεῖζον,
257 272 297 300 ὅτι
309 271 365 300 οὐδὲ
376 272 460 300 ἐκεῖνο
474 271 530 310 ἔχοι
542 283 581 304 τις
596 270 627 299 ἂν
644 272 733 305 εἷπεῖν,
749 269 790 298 ὅτι
801 271 828 299 ἐν
846 271 864 294 C
882 278 945 296 vero
958 267 1035 305 dicit,
1049 268 1116 296 Nm
1130 269 1174 296 usi
1185 276 1283 295 sumus
1297 267 1352 295 hac
1360 272 1512 305 potestate.
1528 263 1622 301 Quod-

62 318 209 358 εὐρυχωρίᾳ
222 317 292 349 ὄντες
311 318 357 345 οὐκ
371 317 541 356 ἐχρησάμεθα
551 342 558 353 ,
574 315 642 346 ἀλλὰ
656 315 700 345 καὶ
713 316 829 354 ἀνάγκης

64 364 278 403 κατεπειγούσης,
287 365 332 392 οὐκ
341 363 444 402 εἴξαμεν
456 365 488 401 τῇ
500 363 600 402 ἀνάγκη
608 376 614 381 ·
625 363 690 392 ὃκαὶ
699 364 724 392 ἐν
735 365 766 402 τῇ
777 363 830 391 δευ-

68 410 98 439 τέ
99 423 130 450 ρᾳ
141 409 218 449 φησίν
227 421 233 427 ·
243 410 338 443 Ἄλλας
349 409 510 445 Ἐκκλησίας
519 409 634 445 ἐσύλησα
644 433 652 446 ,
661 408 751 438 λαὸὼν
764 409 831 449 ὀψώ-

65 468 107 485 νια
116 456 180 496 πρὸς
190 455 236 491 τὴν
246 457 319 493 ὑμῶν
330 456 461 484 διακονίαν
469 468 474 473 ·
487 456 531 484 καὶ
539 455 631 494 παρὼν
639 456 703 495 πρὸς
713 458 779 494 ὑμᾶς
786 455 831 484 καὶ

67 502 228 540 ὑστερηθεὶς,
240 503 268 530 οὐ
281 502 465 540 κατενάρκησα
473 502 587 535 οὐδενός·
598 502 642 531 καὶ
656 503 682 530 ἐν
693 502 773 541 ταύτῃ
782 502 831 530 ποί-

65 550 115 577 λιν·
126 548 178 577 Καὶ
191 551 321 586 πεινῶμεν
336 548 380 577 καὶ
392 550 508 587 διψῶμεν
521 549 565 577 καὶ
579 548 775 587 γυμνητεύομεν
788 549 832 577 καὶ

65 594 266 633 κολαφιζόμεθα.
285 595 337 624 Καὶ
353 596 464 624 ἐνταῦθα
474 595 554 623 πάλιν
569 595 598 623 τὸ
613 596 676 624 αὐτὸ
692 595 833 624 αἰνίττεται

63 640 156 679 λέγων,
169 640 248 670 Ἀλλὰ
261 641 349 670 πάντα
359 641 494 679 στέγομεν.
509 640 601 670 Εἰπὼν
613 641 678 680 γὰρ,
689 641 730 670 ὅτι
742 641 834 670 Πάντα

65 686 202 725 στέγομεν,
213 687 257 716 καὶ
267 687 344 725 λιμὸν
366 687 508 716 αἰνίττεται
523 688 567 716 καὶ
582 687 758 727 στενοχωρίαν
772 689 834 717 πολ-

65 733 113 768 λὴν
127 732 216 762 καὶτὰ
230 734 297 762 ἄλλα
312 734 408 763 πάντα.
420 733 488 762 Ἀλλ’
502 733 559 762 ow&
575 733 656 766 οὕτως
670 734 836 772 ἠναγκάσθη-

67 791 124 817 μεν,
139 779 219 818 φησὶ,
243 781 320 809 λῦσαι
338 780 382 809 τὸν
405 781 494 818 νόμον,
511 779 538 808 ὃν
558 781 657 811 ἑαυτοῖς
673 779 836 817 τεθείκαμεν.

66 826 118 854 Διὰ
137 825 180 862 τί,
200 826 258 855 Ἵνα
274 826 310 864 μὴ
327 826 441 865 ἐγκοπήν
463 837 522 854 τινα
543 826 628 863 δῶμεν
643 828 680 864 τῷ
695 825 837 864 εὐαγγελίῳ

67 875 112 900 τοῦ
137 873 261 911 Χριστοῦ.
283 871 393 907 Ἐπειδὴ
419 871 469 911 γὰρ
494 871 677 910 ἀσθενέστερον
707 871 837 911 Κορίνθιοι

68 917 202 954 διέκειντο,
227 917 270 947 ἵνα
285 917 322 956 μὴ
335 917 477 956 πλήξωμεν
495 919 563 955 ὑμᾶς
573 940 580 953 ,
595 917 659 956 φησὶ
669 940 676 953 ,
689 916 837 955 λαμὸάνον-

68 976 124 999 τες,
137 964 262 1002 εἱλόμεθα
284 964 329 992 καὶ
348 963 414 1003 ὑπὲρ
427 963 461 992 τὰ
474 963 665 1002 ἐπιτεταγμένα
680 965 805 997 ποιῆσαι,
821 962 837 997 ἢ

69 1010 182 1049 ἐγκοπήν
195 1022 252 1038 τινα
265 1011 352 1039 δοῦναι
367 1011 404 1048 τῷ
418 1009 560 1048 εὐαγγελίῳ
571 1032 578 1045 ,
591 1010 710 1038 τουτέστι
723 1032 730 1046 ,
743 1011 776 1047 τῇ
791 1021 838 1038 κα-

69 1057 179 1096 ‘mys-,eet
204 1057 288 1094 ὑμῶν.
318 1057 351 1085 Εἰ
375 1056 402 1085 δὲ
427 1058 505 1094 ἡμεῖς
514 1078 521 1091 ,
544 1055 588 1084 καὶ
614 1055 838 1094 ἐπιτετραμμένον

69 1105 144 1140 ἡμῖν,
167 1102 211 1131 καὶ
236 1101 337 1137 πολλὴν
351 1101 498 1141 πάσχοντες
525 1101 594 1140 βίαν,
609 1102 654 1131 καὶ
679 1101 838 1134 ἀποστόλους

69 1149 172 1188 ἔΑοντες
187 1148 334 1186 ὑπόδειγμα
345 1171 352 1184 ,
368 1150 414 1177 οὐκ
429 1147 603 1186 ἐποιήσαμεν,
618 1147 660 1176 ἵνα
673 1147 710 1186 μὴ
723 1147 838 1186 ἐγκοπὴν

69 1196 153 1233 δῶμεν
164 1195 226 1231 (καὶ
240 1195 286 1223 οὐκ
299 1190 380 1231 εἶπεν,
393 1194 553 1234 ἀνατροπὴν,
567 1195 625 1223 ἀλλ’
638 1194 782 1234 Ἐγκοπὴν,
794 1194 839 1223 καὶ

70 1243 119 1280 οὐχ
133 1242 222 1274 ἁπλῶς
236 1240 360 1280 ἐγκοπὴν,
383 1242 454 1277 ἀλλ’,
470 1240 605 1280 Ἐγκοπῆν
625 1252 697 1269 τινα·
716 1240 758 1269 ἵνα
772 1240 838 1279 μηδὲ

69 1287 117 1323 τὴν
132 1290 272 1327 τυχοῦσαν,
287 1288 322 1320 ὡς
342 1286 372 1315 ἂν
388 1286 456 1316 εἴποι
467 1299 506 1319 τις
516 1308 523 1321 ,
547 1287 673 1325 μέλλησιν
688 1287 732 1316 καὶ
747 1288 839 1316 ἀναδο-

69 1333 116 1369 λὴν
140 1333 325 1372 ἐμποιήσωμεν
349 1335 386 1372 τῷ
411 1333 500 1373 δρόμῳ
514 1337 558 1362 τοῦ
571 1334 664 1371 λόγου)
676 1345 681 1350 ’
708 1336 730 1362 εἷ
753 1333 838 1362 τοίνυν

69 1382 146 1418 ἡμεῖς
158 1379 271 1418 τοσαύτη
296 1378 466 1419 ἐχρησάμεθα
481 1382 514 1418 τῇ
537 1381 638 1418 σπουδῇ
651 1402 658 1414 ,
672 1380 751 1419 φησὶ,
766 1380 840 1420 πόσῳ

70 1426 168 1463 μᾶλλον
182 1428 251 1464 ὑμᾶς
268 1424 326 1458 τοὺς
343 1424 387 1453 καὶ
401 1425 467 1454 πολὺ
482 1428 534 1454 τῶν
545 1425 699 1455 ἀποστόλων
714 1426 840 1455 ἀποδέον-

70 1483 129 1507 τας,
143 1472 188 1500 καὶ
201 1471 259 1501 οὐδὲ
278 1471 357 1509 νόμον
370 1471 479 1511 ἔχοντας
495 1473 576 1501 εἰπεῖν
591 1473 634 1501 τὸν
649 1472 824 1512 ἐπιτρέποντα
833 1495 840 1507 ,

71 1518 138 1547 ἀλλὰ
154 1519 198 1547 καὶ
222 1518 368 1548 τούναντίον
390 1521 442 1547 τῶν
463 1519 652 1556 κεκωλυμένων
678 1518 841 1557 ἁπτομένους

71 1565 116 1593 καὶ
136 1567 188 1594 τῶν
202 1564 246 1594 ἐπὶ
266 1565 352 1603 βλάὲη
368 1565 470 1603 μεγάλῃ
484 1568 529 1593 τοῦ
545 1565 704 1604 εὐαγγελίου,
720 1567 766 1594 οὐκ
779 1566 841 1594 ὃέπὶ

72 1610 101 1638 τὸ
114 1610 150 1648 μὴ
163 1610 278 1650 ἐγκοπὴν
290 1611 365 1648 μόνον
379 1611 466 1639 δοῦναι
477 1632 484 1646 ,
496 1612 554 1640 ἀλλ’
566 1611 624 1640 οὐδὲ
636 1611 752 1649 ἀνάγκην
763 1613 841 1651 ὁρῶν-

72 1669 119 1690 τας
142 1656 319 1695 ἔπικειμένην,
333 1656 479 1696 ἀπέχεσθαι
493 1658 539 1686 δεῖ.
553 1659 653 1686 Τοῦτον
668 1657 719 1697 γὰρ
738 1657 841 1687 ἅπαντα

72 1704 116 1732 τὸν
129 1703 204 1742 λόγον
217 1704 250 1732 δι’
268 1702 379 1734 ἐκείνους
394 1703 498 1739 ἐκίνησε
513 1704 572 1736 τοὺς
588 1703 630 1732 διὰ
652 1706 699 1739 τῆς
719 1705 841 1743 βρώσεως

72 1752 124 1779 τῶν
143 1749 320 1779 εἰδωλοθύτων
335 1751 552 1784 σκανδαλίζοντας
568 1750 626 1784 τοὺς
642 1751 841 1791 ἀσθενεστέρους

73 1796 207 1836 ἀδελφούς.

110 1907 127 1929 Α

73 1985 276 2023 καταφρονῶμεν
296 1985 347 2012 τῶν
363 1984 616 2022 σκανδαλιζομένων,
642 1984 709 2023 μηδὲ
727 1984 841 2024 ἐγκοπήν

74 2040 132 2056 τινα
155 2031 272 2066 ποιῶμεν
286 2031 324 2068 τῷ
348 2029 490 2070 εὐαγγελίῳ
515 2033 560 2059 τοῦ
583 2031 713 2070 Χριστοῦ·
738 2030 780 2059 ἵνα
805 2031 841 2069 μὴ

75 2075 237 2113 προδιδῶμεν
260 2074 307 2110 τὴν
331 2076 460 2115 ἡμετέραν
486 2076 628 2115 σωτηρίαν.
660 2075 705 2112 Μὴ
729 2077 780 2117 γάρ
798 2089 842 2114 μοι

75 2121 134 2159 λέγε
144 2143 151 2155 ,
167 2121 229 2150 ὅταν
250 2122 454 2157 σκανδαλίζηται
469 2125 483 2151 ὁ
500 2123 624 2163 ἀδελφὸς,
647 2122 687 2152 ὅτι
712 2125 740 2153 οὐ
755 2123 841 2153 κεκώ-

75 2168 150 2195 λυται
160 2167 190 2196 τὸ
203 2167 247 2196 καὶ
265 2167 295 2196 τὸ
305 2190 312 2203 ,
327 2169 366 2207 ἐφ’
388 2163 410 2207 ᾧ
425 2169 639 2206 σκανδαλίζεται,
655 2170 699 2198 καὶ
713 2170 753 2199 ὅτι
768 2172 841 2209 ἐφεῖ-

74 2225 126 2242 ται.
140 2213 212 2252 Ἐγὼ
225 2213 277 2253 γάρ
301 2226 341 2243 σοι
367 2214 472 2252 μείζονα
493 2215 580 2254 λέγω,
602 2215 642 2246 ὅτι
657 2216 705 2245 κᾶν
730 2217 805 2249 αὐτὸς
829 2219 842 2246 ὁ

76 2260 188 2299 Χριστὸς
209 2259 387 2300 ἐπιτετραφὼς
401 2256 431 2299 ᾗ,
445 2260 502 2300 ἴδῃς
526 2261 553 2290 δέ
575 2274 634 2291 τινα
650 2263 841 2302 βλαπτόμενον,

75 2306 181 2346 ἐπίσχες
193 2306 238 2335 καὶ
259 2306 295 2344 μὴ
310 2307 398 2346 χρήσῃ
413 2309 446 2345 τῇ
461 2308 600 2347 ἐπιτροπῇ.
617 2309 702 2338 Τοῦτο
724 2309 775 2349 γὰρ
797 2309 843 2338 καὶ

77 2354 180 2387 Παῦλος
193 2352 324 2389 ἐποίησεν,
349 2353 402 2386 ἐξὸν
418 2353 508 2382 λαὸεῖν
524 2354 638 2394 Χριστοῦ
654 2355 842 2394 συγχωρήσαν-

111 2459 121 2470 ·
141 2452 179 2476 Ita
191 2451 262 2484 Rog.;
277 2450 301 2475 in
311 2451 392 2475 Edizis
404 2457 488 2476 nutem
503 2451 554 2476 lia-c
570 2451 658 2476 vitiata
671 2458 737 2477 sunt.
753 2452 838 2487 [Ediii

80 2498 105 2516 et
116 2492 144 2515 B.
155 2494 192 2517 οὐκ
204 2495 240 2517 ἐπὶ
251 2495 334 2525 tymi-’3⁸7
343 2497 419 2524 μόνον,
431 2496 468 2518 καὶ
478 2494 526 2518 οὐδὲ
539 2497 573 2517 ἀν.
587 2493 648 2524 Qum
661 2498 758 2517 tantum
769 2493 841 2518 abest

82 2537 109 2555 ιιι
121 2539 166 2563 pro
179 2532 271 2556 vitiatis
283 2532 333 2555 sint
346 2530 468 2560 habenda,
477 2537 502 2556 ul
518 2541 591 2564 quam
610 2534 717 2556 maxime
730 2534 779 2557 sint
791 2534 841 2557 sin·

882 324 932 353 que
945 314 1032 353 majus
1047 321 1096 349 est,
1109 315 1149 342 Ne
1165 312 1234 342 illud
1249 312 1356 351 quidem
1372 312 1467 351 poterit
1482 311 1622 350 quisquam

882 360 981 396 dicere,
997 360 1069 399 quod
1091 370 1151 388 cum
1175 359 1251 388 nobis
1266 359 1361 397 umplae
1377 359 1513 386 facultates
1527 363 1623 391 essent,

885 408 926 437 his
941 418 993 436 non
1015 407 1057 435 usi
1072 407 1174 444 simus;
1191 405 1323 444 siquidem
1339 411 1448 443 urgente
1462 404 1624 437 necessitate,

885 464 937 483 non
952 453 1078 482 cessimus
1090 453 1237 481 necessitati
1247 452 1288 480 :id
1299 451 1372 490 quod
1384 450 1464 479 etiam
1475 450 1502 478 in
1512 448 1626 478 secunda

885 501 923 529 ait
935 500 1040 528 :Alias
1061 499 1210 528 Ecclesias
1231 498 1404 536 exspoliavi,
1421 498 1566 535 accipiens
1577 497 1627 523 sti·
1639 508 1651 523 2
1675 501 1727 523 For.
1742 505 1777 522 ιι.

885 547 992 586 pendia
1003 547 1043 574 ad
1053 547 1245 574 ministerium
1266 551 1392 573 vestrum
1399 556 1411 578 ;
1423 550 1450 572 el
1462 553 1528 571 cum
1539 551 1628 570 essem
1637 533 1660 556 δ’

887 593 967 632 apud
984 602 1039 620 vos
1061 598 1088 620 et
1109 602 1230 631 egerem,
1246 591 1322 618 nulli
1334 599 1469 618 onerosus
1485 589 1550 628 fui;
1562 594 1586 616 ct
1601 587 1628 615 in

887 639 938 668 hac
952 649 1059 668 rursus:
1072 639 1111 667 Ec
1123 640 1262 667 esurimus
1274 644 1301 666 et
1313 639 1426 666 sitimus
1445 643 1472 665 et
1493 635 1564 664 nudi
1583 645 1629 663 su·
1642 646 1662 661 ι.
1675 639 1728 660 Cor.
1741 637 1764 667 4.

889 696 952 714 mus
963 692 990 714 et
999 685 1131 724 colaphis
1142 685 1289 713 credimur.
1302 685 1338 712 Et
1348 683 1392 711 hic
1407 693 1501 712 rursus
1512 683 1631 722 idipsum

889 730 1052 769 subindicat,
1069 730 1172 767 dicens,
1184 730 1240 759 Sed
1262 731 1361 757 omnia
1380 731 1564 758 sustinemus.
1578 728 1632 756 Di-

890 788 950 806 cens
968 778 1048 813 enim,
1062 778 1169 806 Omnia
1179 778 1363 810 sustinemus,
1372 775 1469 803 famem
1480 774 1633 803 subindicat

891 833 915 855 et
930 826 1082 864 angustiam
1106 825 1229 861 multam,
1250 824 1355 862 aliaque
1369 823 1466 852 omnia.
1482 822 1535 852 Sed
1549 833 1633 861 neque

891 872 938 909 sie,
950 872 1045 910 inquit,
1057 871 1140 900 coacti
1154 881 1247 900 sumus
1262 870 1364 899 solvere
1377 870 1472 908 legem,
1488 880 1567 908 quam
1581 880 1633 898 no—

890 917 932 945 bis
945 917 1011 957 ipsis
1031 917 1218 957 imposuimus.
1233 917 1344 952 Quare?
1356 917 1402 945 ,Ne
1417 917 1495 955 quod
1506 917 1634 956 offendi-

891 964 989 992 culum
1004 964 1104 992 demus
1119 964 1270 1003 evangelio
1286 964 1405 992 Christi.
1419 963 1488 998 Quia
1503 962 1574 991 enim
1589 963 1634 991 in-

892 1009 1023 1038 firmiores
1034 1009 1168 1038 Corinthii
1178 1016 1263 1045 erant,
1279 1010 1319 1038 Ne
1333 1020 1390 1044 ros,
1407 1009 1502 1048 inquit,
1518 1009 1636 1038 offende-

892 1066 980 1084 remus
994 1055 1162 1095 accipientes,
1183 1055 1329 1084 maluimus
1352 1055 1413 1094 plus
1434 1066 1513 1094 quam
1534 1066 1637 1094 praece-

892 1109 967 1142 ptum
982 1109 1037 1131 erat
1049 1102 1144 1139 facere,
1157 1113 1238 1141 quam
1257 1102 1361 1131 obicem
1375 1101 1529 1141 quempiam
1542 1102 1637 1130 afferre

891 1149 1049 1188 evangelio,
1066 1148 1095 1177 id
1119 1156 1168 1187 est,
1191 1149 1351 1178 institutioni
1375 1155 1478 1177 vestran.
1494 1148 1523 1177 Si
1547 1155 1637 1177 autem

892 1206 947 1231 uos,
962 1195 1065 1224 etiamsi
1080 1195 1171 1224 liceret
1185 1194 1262 1224 nobis
1285 1202 1309 1223 et
1324 1195 1436 1224 multam
1450 1195 1505 1223 rim
1529 1201 1636 1235 patere-

892 1252 961 1279 mur,
976 1241 1186 1281 exemplumque
1206 1241 1364 1270 haberemus
1387 1241 1528 1281 apostolos,
1542 1241 1571 1270 id
1585 1252 1637 1270 non

890 1287 1011 1325 fecimus,
1017 1289 1063 1316 Ne
1070 1288 1283 1328 offendiculum
1296 1289 1396 1317 demus
1414 1298 1471 1327 xnec
1481 1287 1552 1317 dixit
1563 1299 1637 1317 ever-

892 1331 1004 1365 sionem,
1022 1331 1070 1360 sed
1092 1331 1297 1370 offendiculum,
1317 1343 1364 1361 uec
1378 1331 1536 1372 simpliciter
1549 1332 1637 1361 offen-

892 1377 1022 1415 diculum,
1037 1377 1084 1406 sed
1095 1378 1287 1407 offendiculum
1300 1378 1448 1417 quoddam,
1461 1385 1490 1407 ut
1505 1389 1537 1407 ne
1547 1378 1589 1407 vel
1602 1379 1640 1407 le-

891 1423 1030 1453 vissimam
1051 1435 1154 1454 moram
1185 1425 1263 1454 verbi
1291 1425 1381 1454 cursui
1406 1425 1581 1461 inferremus)
1595 1437 1601 1452 ι
1616 1426 1639 1454 si

891 1480 954 1509 ergo
966 1481 1013 1499 nos
1026 1477 1096 1499 tanta
1108 1470 1149 1499 usi
1163 1481 1255 1499 sumus
1266 1471 1415 1510 diligentia,
1428 1471 1530 1509 inquit,
1541 1478 1639 1510 quanto

894 1517 978 1556 magis
995 1528 1054 1553 VOS,
1067 1518 1114 1555 qui
1129 1517 1164 1546 ab
1185 1517 1312 1557 apostolis
1327 1517 1407 1556 longe
1427 1517 1539 1554 abestis,
1554 1528 1640 1556 neque

893 1563 978 1602 legem
994 1563 1103 1602 potestis
1118 1563 1208 1592 dicere
1224 1574 1283 1602 quae
1302 1563 1331 1592 id
1345 1564 1482 1603 permittat
1491 1575 1500 1601 3
1517 1563 1564 1592 sed
1578 1574 1640 1592 con-

894 1616 934 1638 tra
945 1610 1025 1638 etiam
1039 1610 1175 1650 prohibita
1194 1609 1312 1649 tangitis,
1323 1617 1404 1648 atque
1418 1610 1497 1639 etiam
1512 1620 1570 1648 quae
1584 1610 1639 1638 da-

895 1667 988 1685 mnum
1008 1667 1136 1696 maguum
1154 1657 1270 1685 afferunt
1283 1656 1421 1695 evangelio
1430 1668 1439 1694 3
1457 1667 1508 1685 non
1521 1657 1638 1685 offendi-

894 1703 948 1731 culi
963 1703 1042 1732 modo
1057 1703 1160 1732 vitandi
1175 1714 1265 1738 causa,
1279 1703 1325 1732 sed
1340 1703 1443 1732 nullam
1456 1703 1578 1733 videntes
1593 1704 1639 1733 in-

894 1757 1008 1780 stantem
1020 1752 1209 1787 necessitatem,
1217 1751 1351 1780 abstinere
1359 1758 1472 1791 oportet.
1482 1751 1557 1780 Hanc
1567 1752 1638 1781 enim

894 1804 976 1826 totam
991 1798 1074 1826 movit
1094 1798 1241 1827 orationem
1256 1805 1363 1837 propter
1379 1797 1453 1834 illos,
1468 1797 1516 1836 qui
1537 1809 1585 1838 per
1599 1799 1639 1827 ci-

894 1843 960 1871 bum
984 1843 1199 1883 idolothytorum
1215 1843 1438 1872 imbecillioribus
1455 1843 1584 1873 fratribus
1599 1845 1637 1873 of-

894 1889 1031 1919 fendiculo
1044 1896 1129 1918 er‘int.

936 1936 964 1966 5.
981 1935 1045 1964 Haec
1065 1946 1112 1964 nos
1133 1945 1240 1974 quoque
1260 1935 1402 1965 audiamus
1415 1959 1422 1972 ‚
1437 1935 1539 1973 dilecti,
1556 1943 1586 1966 ut
1608 1947 1641 1965 ne

894 1981 1073 2022 despiciamus
1087 1993 1131 2012 eos
1146 1982 1193 2021 qui
1208 1982 1389 2019 offenduntur,
1405 1994 1437 2012 ne
1446 1983 1639 2012 offendiculum

893 2040 1024 2069 ponamus
1043 2029 1180 2068 evangelio
1204 2029 1316 2067 Christi,
1341 2040 1392 2058 neu
1407 2037 1523 2060 nostram
1538 2031 1640 2071 proda-

895 2086 955 2104 mus
969 2075 1091 2104 salutem.
1106 2076 1147 2104 Ne
1161 2075 1229 2104 mihi
1245 2075 1316 2104 euim
1332 2074 1415 2113 dicas,
1430 2087 1492 2105 cum
1508 2077 1587 2105 frater
1601 2077 1642 2105 os-

895 2122 1029 2151 senditur:
1046 2122 1107 2150 Non
1129 2122 1288 2161 prohibetur
1312 2123 1363 2151 hoc
1388 2123 1429 2151 vel
1454 2123 1523 2152 illud
1538 2124 1565 2152 in
1588 2134 1641 2161 quo

895 2169 940 2197 ille
961 2168 1119 2204 offenditur,
1137 2174 1162 2196 et
1177 2168 1281 2197 licitum
1298 2176 1344 2198 est.
1359 2169 1417 2208 Ego
1432 2170 1504 2198 cuim
1516 2170 1565 2198 tihi
1580 2180 1639 2198 ma-

891 2216 951 2256 jora
976 2215 1037 2244 dico
1050 2214 1106 2244 :vel
1130 2214 1152 2243 si
1178 2214 1235 2254 ipse
1258 2215 1382 2244 Christus
1406 2216 1571 2255 permiserit,
1597 2217 1640 2244 vi-

895 2263 1020 2301 derisque
1033 2260 1132 2290 offendi
1152 2261 1316 2301 quempiam,
1330 2262 1434 2291 abstine
1447 2269 1471 2290 et
1486 2273 1518 2291 ne
1528 2263 1641 2302 permis-

896 2309 969 2338 sione
994 2308 1086 2337 utaris.
1100 2308 1158 2336 Hoc
1171 2308 1242 2336 enim
1267 2314 1292 2337 et
1314 2309 1414 2337 Paulus
1427 2308 1490 2337 fecit
1501 2321 1507 2336 :
1518 2319 1564 2347 qul
1580 2319 1642 2338 cuin

897 2355 1065 2395 permittente
1081 2354 1189 2383 Christo
1208 2353 1298 2382 liceret
1319 2354 1448 2394 accipere,
1463 2365 1515 2383 non
1530 2355 1641 2395 accepit.

852 1918 887 1936 isc>

112 1937 205 1965 Ταῦτα
224 1935 250 1966 δὲ
263 1937 307 1966 καὶ
321 1939 397 1975 ἡμεῖς
413 1937 560 1975 ἀκούωμεν,
580 1938 712 1977 ἀγαπητοί
725 1950 730 1954 ·
746 1938 788 1966 ἵνα
804 1938 840 1976 μὴ
860 1947 880 1968 Α

889 2462 945 2478 cera
958 2463 963 2477 t
978 2462 1022 2477 vos
1033 2454 1079 2486 qui
1087 2452 1214 2486 prohibita
1218 2453 1312 2485 jacitis
1320 2473 1326 2483 ,
1337 2458 1360 2476 et
1371 2461 1428 2485 qnae
1439 2461 1557 2485 magnum
1568 2462 1644 2477 cvan-

890 2493 956 2525 gelio
967 2492 1079 2526 asserunt
1090 2494 1223 2521 dammum,
1236 2501 1266 2516 m·
1277 2492 1359 2517 dicam
1374 2492 1538 2524 qssensionem
1546 2512 1552 2522 ,
1565 2502 1645 2526 neque

892 2533 956 2557 adeo
971 2533 1050 2557 ullam
1064 2533 1165 2556 ridelis.
1174 2531 1199 2565 .]

1478 2579 1522 2607 13,

1645 678 1679 694 11-
