1891 2866
525 181 556 204 ΙΝ
586 181 690 203 EPtST.
719 180 742 202 1.

772 179 817 201 ΛΙ)
843 179 904 200 cot}
911 193 918 200 .

947 178 1064 200 nonu„
1094 178 1212 200 xxxvi.
1586 165 1646 212 39¹

100 244 216 283 μάλιστά
242 245 322 278 ἐστιν,
341 243 354 272 ὃ
375 245 488 281 συνεχῶς
511 244 639 282 ἐπιχειρεῖ
659 241 863 273 κατασκευάζειν
879 243 898 265 l)
915 240 972 278 ejus
983 239 1030 278 qui
1046 239 1241 279 interpretetur.
1257 241 1324 269 Nam
1337 239 1461 278 quoniam
1479 249 1529 268 non
1545 249 1574 267 eo
1593 249 1653 278 spe-

99 294 112 320 ὃ
128 291 233 323 Παῦλος
248 313 255 325 ,
269 289 330 318 ὅταν
346 290 414 321 τινὸς
428 289 538 328 ἀπάγειν
555 289 698 327 βούληται,
721 290 756 321 εἰς
771 286 836 316 αὐτὰ
848 286 864 315 ἃ

99 338 222 374 ἐπιθυμεῖ
235 335 361 365 δείκνυσιν
383 335 458 364 αὐτὸν
479 335 742 374 παραὸλαπτόμενον.
767 333 819 363 Καὶ
834 332 865 362 σὺ

102 383 186 412 τοίνυν
200 382 267 411 οὕτω
280 381 363 411 ποίει·
377 381 406 410 ἂν
421 382 515 416 ἢδονῆς
530 382 681 420 ἀπαγάγῃς,
695 380 773 414 δεῖξον
784 380 823 409 ὅτι
837 380 867 408 τὸ

100 434 211 469 πρᾶγμα
224 428 316 467 πικρόν
325 440 331 445 ·
347 428 376 456 ἂν
392 427 536 461 κενοδοξίας
551 428 680 466 ἀφέλκῃς,
693 427 774 460 δεῖξον
787 426 827 456 ὅτι
838 426 867 454 τὸ

100 479 211 515 πρᾶγμα
224 474 330 512 ἀτιμίας
339 474 429 512 γέμον.
442 474 522 503 Οὕτω
533 475 578 503 καὶ
592 475 698 506 Παῦλος
711 474 801 503 ἐποίει.
816 473 867 502 Καὶ

99 521 152 560 γὰρ
161 521 298 553 πλουσίους
312 522 438 549 ἀποσπῶν
451 524 496 549 τοῦ
510 521 569 560 περὶ
580 520 612 549 τὰ
622 520 749 560 χρήματα
757 521 851 559 ἔρωτος
862 543 868 553 ,

101 568 147 596 οὐκ
163 562 233 595 εἶπεν
249 566 288 595 ὅτι
305 567 432 606 βλαὸερὸν
449 569 463 596 ὁ
477 568 587 599 πλοῦτος
604 568 690 605 μόνον,
703 568 760 596 ἀλλ’
773 567 813 596 ὅτι
825 566 869 595 καὶ

99 615 136 646 εἷς
148 612 308 652 πειρασμοὺς
321 612 456 651 ἐμὸάλλει.
472 615 506 642 Οἱ
516 613 566 653 γὰρ
578 614 729 651 βουλόμενοι
739 615 870 645 πλουτεῖν,

100 672 188 698 φησιν,
201 659 375 697 ἐμπιπτουσιν
391 661 426 693 εἷς
442 660 599 699 πειρασμόν.
615 659 724 694 Ἐπειδὴ
737 659 788 699 γὰρ
801 660 870 688 δοκεῖ

100 708 256 745 πειρασμῶν
270 705 456 741 ἀπαλλάττειν,
471 718 580 735 τουναντ
584 706 619 735 ίον
632 708 701 734 αυτΓ)
714 705 869 743 περιέθηκεν

101 755 182 792 οὗπερ
194 752 310 790 ενόμιζον
322 754 345 781 οἱ
358 753 502 781 πλουτουντ
493 764 539 785 ες.
553 752 665 791 ΙΞῖχοντο
676 752 756 780 πάλιν
771 753 817 786 τῆς
828 763 871 779 σο-

102 797 162 836 φίας
176 801 223 833 τῆς
234 797 348 831 εςωΟεν
339 797 438 838 ε’τεροι,
449 800 484 831 ὡς
496 798 577 837 ταύτῃ
592 798 621 826 τὸ
633 797 717 836 δόγμα
732 798 869 829 ἱστΓυντες’

101 844 196 877 ἔδειξεν
207 843 246 872 ὅτι
266 845 294 873 οὐ
310 844 387 882 μόνον
406 845 434 873 οὗ
455 846 544 882 βοηθεῖ
559 846 597 883 τῷ
613 845 716 883 σταυρῷ
728 866 735 878 ,
758 844 815 871 ἀλλ’
832 844 871 871 ὅτι

102 890 147 919 καὶ
162 895 231 919 κενοῖ
242 891 328 920 αὐτόν.
341 891 452 930 Εἴχοντο
466 894 510 919 τοῦ
523 891 673 923 ὃικάζεσῦαι
685 891 747 928 παρ’
760 889 856 928 ἑτέροις
865 910 871 922 ,

103 937 207 970 ἀνάξιον
218 936 359 975 ἡγούμενοι
373 936 446 976 παρὰ
462 941 516 968 τοῖς
529 936 632 968 οἰκείοις
641 958 648 970 ,
663 937 698 968 ὡς
711 937 763 964 τῶν
778 934 871 967 ἔξωθεν

102 983 257 1022 σοφωτέρων
273 983 354 1012 ὄντων
366 994 372 1000 ·
387 982 516 1011 δείκνυσιν
541 981 580 1009 ὅτι
595 981 625 1010 τὸ
638 980 686 1014 ἔξω
703 981 851 1013 δικάζεσθαι
864 1002 871 1014 ,

104 1028 221 1069 αἰσχρόν.
236 1028 347 1068 Εἴχοντο
357 1031 408 1057 τῶν
421 1028 606 1063 εἰδωλοθύτων,
618 1029 653 1060 ὡς
664 1027 766 1056 τελείαν
777 1029 872 1066 γνῶσιν

103 1074 322 1112 ἐπιδεικνύμενοι*
347 1073 440 1107 ἔδειξεν
463 1073 492 1102 6¹:
496 1077 592 1103 ιτοῧτο
608 1073 728 1113 γνώσεως
748 1074 855 1106 ἀτελους
867 1096 874 1109 ‚

103 1121 133 1150 τὸ
150 1121 187 1159 μὴ
212 1121 307 1149 εἶοέναι
321 1123 465 1159 οἰκονομεῖν
479 1120 512 1149 τὰ
526 1123 577 1149 τών
598 1120 720 1155 πλησίον.
736 1119 814 1149 Ουτω
830 1132 874 1148 και

917 287 1039 321 ctabant,
1054 286 1099 315 sed
1114 286 1148 315 ad
1163 286 1362 315 ostentationem
1380 286 1523 324 gloriaeque
1535 292 1559 314 et
1572 285 1656 314 hono-

918 334 954 363 ris
968 334 1142 374 cupiditatem
1163 335 1240 363 inulti
1260 334 1310 363 hoc
1322 334 1392 363 dono
1405 334 1560 362 utebantur.
1577 333 1611 361 ab
1626 344 1656 361 co

918 381 1035 410 maxime
1049 381 1169 413 abducit,
1184 381 1322 410 ostendens
1343 391 1387 409 cos
1401 381 1426 408 in
1449 380 1533 417 gloria
1559 387 1582 408 et
1597 380 1658 408 cxi-

918 427 1069 457 stimatione
1088 438 1215 465 magnum
1235 427 1363 456 damnum
1379 427 1498 466 accipere
1510 450 1516 458 ,
1530 433 1558 454 ut
1573 426 1657 464 quiin

920 475 1028 504 insaniae
1043 475 1220 514 suspicionem
1231 475 1349 503 veniant.
1364 474 1398 502 Et
1418 474 1470 502 hoc
1481 481 1518 502 est
1528 474 1656 505 maxime.

919 521 991 560 quod
1008 521 1113 550 assidue
1135 521 1272 549 adstruere
1291 527 1399 549 conatur
1421 520 1537 555 Pautus3
1553 521 1659 558 quando

919 568 979 597 vult
991 568 1026 596 ab
1039 568 1130 606 aliqua
1144 578 1171 596 re
1185 566 1332 601 abducere,
1355 565 1469 594 ostendit
1484 577 1544 594 eum
1557 566 1617 595 laedi
1633 567 1658 594 in

920 615 952 642 iis
967 614 1031 653 ipsis
1041 625 1100 652 quze
1114 613 1255 642 desiderat.
1267 614 1301 642 Et
1311 620 1338 641 tu
1349 624 1420 651 quoq
1426 623 1457 640 ue
1467 613 1508 641 fac
1519 613 1642 641 similiter
1653 625 1659 639 ε

920 660 942 689 si
954 672 967 688 a
983 660 1120 699 voluptate
1130 659 1256 695 abducas,
1267 659 1374 688 ostende
1389 670 1443 687 rein
1455 670 1510 687 esse
1520 659 1659 693 acerbam3

921 707 943 736 si
956 707 990 735 ab
1006 706 1078 735 inani
1091 706 1174 745 gloria
1182 706 1331 740 abstrahas,
1346 705 1454 734 ostende
1465 716 1519 734 rein
1532 716 1588 734 esse
1601 705 1662 744 plc—

922 764 983 782 nam
995 753 1122 782 dedecore
1135 760 1160 781 et
1180 753 1298 781 infamia.
1315 753 1358 781 Sic
1372 753 1452 781 etiam
1467 752 1582 781 faciebat
1593 753 1663 781 Pau-

921 800 972 828 lus.
984 799 1088 828 Divites
1103 799 1174 827 enim
1187 798 1303 828 avellens
1320 798 1354 826 ab
1371 809 1461 827 amore
1472 799 1598 837 pecuniae,
1611 810 1662 829 non

921 845 992 874 dixit
1006 846 1092 874 solum
1104 845 1198 874 noxias
1207 856 1262 874 esse
1275 845 1394 877 divitias.
1407 845 1451 873 sed
1466 845 1545 874 etiam
1556 845 1664 885 injicere

922 893 948 920 in
972 892 1128 920 tentationes
1149 904 1155 918 z
1175 902 1236 920 nain
1263 891 1323 927 ait,

921 949 992 971 esse,
1007 939 1140 966 incidunt
1151 941 1183 966 in
1195 940 1393 967 tentationem.
1405 938 1478 974 Quia
1497 938 1568 967 enim
1585 939 1666 968 vidc-
1675 949 1698 971 9·

923 984 1022 1012 bantur
1042 984 1156 1012 liberare
1174 995 1188 1012 a
1213 983 1405 1012 tentationibus
1417 1006 1424 1017 ‚
1440 984 1478 1013 eis
1492 985 1587 1014 tribuit
1601 996 1667 1014 con-

924 1029 1035 1058 trarium
1051 1030 1107 1068 ejus
1116 1029 1188 1067 quod
1202 1029 1392 1057 existimabant
1403 1029 1509 1058 divites.
1521 1031 1574 1059 Alii
1584 1038 1667 1060 exter-

925 1087 965 1105 nze
979 1086 1087 1115 operam
1101 1075 1200 1104 dabant
1218 1075 1370 1115 sapientiae,
1390 1082 1528 1114 tamquam
1546 1076 1596 1105 hac
1622 1089 1668 1106 ra-

926 1122 996 1150 tione
1008 1120 1106 1160 dogma
1119 1121 1306 1151 stabilientes:
1321 1121 1436 1150 ostendit
1447 1132 1505 1150 eam
1516 1133 1569 1151 non
1581 1123 1668 1152 solum

104 1170 229 1203 ενταυθα,
244 1179 334 1202 Επξῑῡη
355 1179 481 1203 Επῖοην-(ὶ
501 1167 560 1207 περὶ
575 1179 605 1196 ἰο
619 1167 740 1221 γάρῑ6μα
756 1178 831 1195 τουτο
846 1178 875 1194 τΟ
892 1178 911 1199 A
925 1166 999 1195 cruci
1014 1177 1066 1195 non
1080 1177 1158 1205 opem
1170 1165 1253 1201 fel'l'e
1277 1165 1321 1194 Sssd
1339 1165 1418 1194 etlam
1433 1177 1491 1195 eam
1519 1178 1666 1197 exmanlte.

106 1217 158 1243 τῶν
169 1215 305 1252 γλωσσων,
320 1213 417 1248 δόξης
406 1215 514 1252 ερῶντες
525 1235 532 1248 ,
549 1212 677 1242 δείκνυσιν
689 1212 728 1240 ὅτι
739 1215 815 1241 τοῦτο
827 1211 874 1250 μὲν

106 1255 151 1289 οὖν
162 1260 277 1298 μάλιστα
287 1259 379 1292 αὐτοὺς
389 1259 574 1298 καταισχύνει,
590 1261 617 1288 οὗ
633 1259 709 1296 μόνον
724 1258 799 1293 δόξης
811 1260 875 1287 ἀπο·

107 1309 223 1347 σ-εροῧν,
236 1306 305 1335 ἀλὶὰ
321 1318 364 1334 και
377 1306 470 1344 μανίας
485 1306 583 1341 υπολήιῑ
571 1318 615 1345 ,κει
627 1305 794 1344 περιὸοἱλλον.
806 1304 874 1333 Ἀλλ’

107 1354 154 1382 οὐκ
166 1352 259 1384 ευθέως
274 1363 349 1381 τουτο
365 1354 445 1386 εἶπεν,
468 1352 535 1381 ἀλλὰ
553 1352 633 1391 μυρία
646 1352 770 1391 πρότερος
786 1350 875 1387 εἰπὼν,

105 1399 148 1428 ὅτε
163 1399 356 1438 εὐπαράδεκτον
371 1410 415 1426 τον
428 1399 504 1437 λογον
518 1399 640 1433 ἐποίησε,
659 1398 718 1427 τότε
733 1410 761 1426 το
777 1397 876 1436 σφόορα

106 1444 250 1485 παραδοξον
271 1444 373 1483 ἐπάγει.
395 1445 446 1474 Kar
470 1448 546 1473 τοῦτο
568 1444 594 1474 δὲ
612 1444 675 1473 αὐτὸ
697 1445 727 1473 τὸ
752 1444 877 1483 Οεύρημα

107 1492 225 1527 σύνηθες.
243 1492 296 1520 Τὸν
309 1490 359 1531 γὰρ
380 1491 510 1529 μέλλοντα
525 1491 686 1520 διασαλεύειν
701 1490 776 1523 δόξαν
788 1502 877 1525 πετι-η-

107 1542 182 1575 γυῖαν
197 1537 242 1566 καὶ
257 1539 293 1569 εἷς
307 1538 337 1566 τὸ
356 1537 470 1566 ἐναντίον
485 1537 662 1577 περιτρέπειν,
677 1538 724 1565 οὐκ
737 1536 830 1568 εὐθέως
843 1535 877 1565 τὰ

108 1583 213 1612 ἐναντία
233 1583 317 1622 λέγειν
333 1585 383 1612 δεῖ·
409 1584 466 1612 ἐπεὶ
491 1584 685 1622 καταγέλαστος
709 1582 783 1611 ἔσται
803 1581 877 1622 παρὰ
894 1598 911 1620 Β

108 1634 163 1662 τοῖς
190 1629 459 1668 προκατειλημμένοις
486 1629 536 1658 ὑπὸ
558 1632 605 1665 τῆς
632 1629 749 1661 ἐναντίας
770 1628 857 1667 ψήφου
870 1640 876 1646 ·

108 1678 119 1690 ““
127 1675 216 1710 ἐπειδὴ
228 1676 258 1704 τὸ
269 1676 368 1714 σφόδρα
379 1675 524 1715 παράδοξον
538 1677 584 1704 οὐκ
596 1675 625 1703 ἂν
637 1675 736 1714 γένοιτο
748 1675 778 1702 ἐκ
789 1686 877 1713 προοι-

110 1721 176 1759 μίων
199 1721 401 1759 εὐπαράδεκτον,
418 1721 485 1750 ἀλλὰ
506 1721 557 1761 χρὴ
575 1722 698 1761 πρότερον
713 1720 876 1760 ὑπορύξαντα

109 1769 196 1801 καλῶς
211 1767 245 1796 δι’
256 1767 361 1807 ἑτέρων,
371 1768 430 1798 τότε
442 1770 478 1801 εἰς
493 1768 522 1797 τὸ
532 1768 646 1797 ἐναντίον
662 1767 836 1806 περιτρέπειν,

153 2327 232 2357 Οὕτω
247 2331 306 2368 γοῦν
323 2328 367 2358 καὶ
378 2328 421 2358 ἐπὶ
434 2332 479 2357 τοῦ
493 2328 578 2368 γάμου
594 2329 774 2367 διαλεγόμενος
789 2328 878 2365 ἐποίη-

115 2385 168 2404 σεν.
183 2374 293 2410 Ἐπειδὴ
309 2375 360 2414 γὰρ
371 2375 464 2404 πολλοὶ
474 2379 615 2414 προσεῖχον
633 2377 668 2408 ὡς
685 2375 771 2404 ἄνεσιν
793 2375 879 2415 ἔχοντι

115 2422 153 2460 τῷ
172 2421 321 2460 πράγματι,
338 2421 414 2453 αὐτὸς
434 2420 461 2449 δὲ
482 2420 604 2450 §Souka-0
622 2421 718 2457 δεῖξαι,
739 2420 779 2450 δ’τι
797 2422 827 2450 τὸ
844 2421 879 2460 μὴ

117 2471 211 2504 γαμεῖν
228 2467 329 2504 ἄνεσις,
345 2469 367 2496 εἷ
385 2466 431 2506 μὲν
447 2466 540 2499 εὐθέως
551 2470 626 2496 τοῦτο
641 2463 720 2504 εἶπεν,
735 2469 782 2497 οὐκ
794 2469 824 2498 ἂν
838 2471 882 2498 οὔ·

152 2552 161 2562 ”
179 2544 232 2577 [καὶ
246 2550 287 2578 *sip
300 2550 325 2571 τὸ
339 2557 373 2580 τις.
384 2546 424 2578 Α.]

280 2604 353 2622 ΤΟΜ.
379 2604 404 2621 X.

929 1213 1066 1251 Uigebant
1079 1219 1108 1240 ut
1119 1211 1305 1252 judicarentur
1323 1211 1396 1251 apud
1419 1212 1496 1247 alios,
1510 1213 1670 1242 existiman-

926 1264 964 1286 tes
978 1256 1120 1296 indignum
1130 1268 1185 1285 esse
1194 1256 1314 1296 judicari
1325 1257 1399 1296 apud
1407 1267 1479 1295 suos,
1491 1268 1522 1286 ac
1534 1258 1555 1286 si
1566 1259 1670 1288 externi

926 1310 1011 1332 essent
1025 1302 1336 1342 sapientiores:ostendit
1349 1313 1405 1331 esse
1417 1309 1494 1342 turpe
1514 1303 1579 1332 foris
1592 1304 1669 1343 judi-

927 1350 990 1379 cari.
1004 1349 1170 1379 Accedebant
1182 1349 1215 1378 ad
1223 1360 1252 1378 ea
1268 1359 1329 1387 quae
1345 1356 1419 1378 erant
1430 1349 1509 1378 idolis
1522 1349 1669 1388 immolata,

925 1402 1062 1435 tamquam
1076 1396 1219 1435 perfectam
1238 1402 1397 1424 ostentantes
1417 1395 1554 1424 scientiam
1566 1409 1572 1424 ι
1585 1404 1670 1426 osten-

927 1443 968 1472 dit
986 1444 1037 1472 hoc
1049 1454 1104 1472 esse
1124 1443 1282 1482 imperfectae
1297 1442 1421 1479 scientim,
1435 1443 1536 1472 nescire
1550 1443 1668 1473 admini-

927 1497 1011 1519 strare
1025 1500 1054 1518 ea
1071 1501 1131 1528 quae
1149 1496 1211 1517 sunt
1230 1489 1424 1528 proximorum.
1440 1489 1480 1518 Ita
1496 1489 1539 1518 hie
1553 1501 1668 1528 quoque,

927 1537 1052 1576 quoniam
1066 1537 1219 1575 linguarum
1232 1535 1333 1564 donum
1351 1542 1485 1575 stupentes
1499 1536 1668 1566 admiraban-

928 1591 981 1620 tur,
993 1584 1107 1622 gloriam
1116 1589 1243 1617 amantes,
1255 1581 1369 1610 ostendit
1379 1582 1429 1610 lioc
1439 1582 1549 1620 quidem
1561 1593 1604 1611 eos
1616 1594 1669 1612 uia—

928 1631 1000 1659 xime
1010 1629 1138 1658 dedecore
1146 1628 1262 1663 afficere,
1274 1638 1326 1656 non
1338 1627 1425 1656 solum
1437 1639 1480 1656 cos
1494 1629 1535 1668 pri
1541 1640 1606 1658 vans
1613 1630 1669 1669 glo-

928 1677 978 1713 ria,
990 1676 1036 1705 sed
1055 1676 1137 1704 etiam
1156 1674 1216 1702 illos
1231 1674 1257 1702 in
1277 1674 1384 1702 insaniae
1393 1675 1571 1714 suspicionem
1584 1677 1669 1716 conji-

928 1724 1006 1753 ciens.
1024 1724 1057 1751 At
1070 1733 1122 1751 non
1137 1721 1226 1750 statim
1241 1721 1292 1749 hoc
1305 1720 1388 1757 dixit3
1402 1721 1449 1750 sed
1460 1732 1521 1750 cum
1534 1722 1610 1762 prius
1627 1723 1667 1753 in-

929 1781 1038 1799 numera
1055 1769 1179 1805 dixisset,
1194 1768 1300 1807 qnando
1314 1768 1400 1796 effecit
1421 1774 1450 1796 ut
1471 1769 1549 1798 facile
1562 1770 1667 1810 excipe-

928 1824 1001 1846 mtur
1015 1823 1143 1855 grataque
1153 1822 1219 1843 esset
1231 1814 1326 1849 oratio,
1337 1821 1398 1843 tunc
1408 1814 1548 1855 subjungit
1558 1816 1585 1845 id
1595 1817 1668 1855 quod

929 1870 967 1892 est
977 1861 1136 1891 admirabile
1143 1867 1165 1889 et
1178 1866 1273 1900 praeter
1281 1860 1442 1899 opinionem.
1458 1861 1506 1890 Est
1515 1869 1603 1892 autem
1612 1863 1667 1892 haee

929 1908 1067 1938 meditatio
1087 1907 1137 1947 ipsi
1158 1906 1306 1935 familiaris.
1324 1906 1394 1935 Eum
1416 1906 1486 1936 enim
1500 1908 1547 1946 qui
1561 1908 1668 1938 firmam

928 1956 1084 1985 sententiam
1099 1961 1136 1983 est
1158 1953 1338 1982 labefacturus
1356 1960 1381 1982 et
1395 1953 1422 1982 in
1435 1955 1596 1984 contrarium
1605 1967 1668 1985 cou-

928 2012 1054 2032 versurus
1072 2000 1185 2029 firmiter
1198 1999 1382 2038 stabiliterque
1398 2007 1551 2040 conceptam
1564 2002 1667 2042 opinio-

929 2060 999 2082 nem.
1012 2059 1064 2078 non
1076 2054 1179 2088 oportet
1193 2046 1282 2075 statim
1302 2046 1390 2075 dicere
1403 2048 1567 2077 contrarium
1581 2061 1587 2077 :
1601 2058 1668 2079 esset

929 2097 1001 2125 enim
1013 2094 1143 2124 ridiculus
1157 2092 1229 2133 apud
1239 2103 1291 2128 eos,
1307 2103 1373 2131 quos
1388 2094 1518 2123 contraria
1533 2106 1665 2134 praeoccu-

931 2142 1004 2182 pavit
1018 2140 1156 2170 sententia.
1176 2141 1245 2168 Nam
1259 2138 1329 2177 quod
1355 2145 1392 2167 est
1415 2139 1496 2168 valde
1509 2140 1669 2171 admirabile

929 2196 954 2218 et
966 2195 1061 2228 praeter
1073 2187 1234 2226 opinionem,
1250 2196 1301 2214 non
1314 2184 1392 2214 facile
1406 2185 1512 2215 admitti
1527 2188 1624 2226 poterit
1636 2189 1670 2218 ab

929 2235 1006 2264 initio
1017 2247 1025 2272 ;
1040 2233 1085 2263 sed
1099 2240 1212 2273 oportet,
1224 2243 1285 2261 cum
1297 2243 1344 2271 per
1361 2231 1412 2261 alia
1424 2233 1500 2272 prius
1512 2241 1581 2263 recte
1591 2235 1672 2264 suffo-

928 2281 1001 2311 deris
1012 2288 1037 2310 et
1050 2279 1198 2320 irrepseris,
1210 2279 1247 2307 sic
1264 2285 1414 2307 convertere
1428 2279 1454 2307 in
1468 2280 1640 2310 eontrarium.

971 2329 1000 2357 5.
1017 2328 1062 2357 sic
1078 2334 1147 2356 certe
1167 2325 1228 2355 fecit
1246 2325 1326 2353 etiam
1343 2324 1474 2354 disserens
1488 2325 1521 2354 de
1536 2328 1672 2358 matrimo-

933 2377 986 2406 nio.
1001 2377 1069 2406 Nam
1080 2375 1206 2415 quoniam
1219 2373 1295 2402 multi
1308 2373 1427 2402 animum
1440 2373 1602 2404 adhibebant
1616 2387 1673 2406 ma—

933 2423 1060 2452 trimonio
1081 2429 1218 2460 tamquam
1236 2420 1290 2457 rei,
1309 2420 1335 2448 in
1354 2430 1406 2457 qua
1428 2427 1493 2449 esset
1507 2423 1582 2460 quies
1595 2430 1619 2451 et
1633 2434 1673 2452 re-

934 2470 1044 2504 creatio3
1057 2469 1113 2509 ipse
1134 2475 1223 2497 autem
1242 2466 1347 2496 volebat
1367 2466 1517 2503 ostendere,
1533 2479 1584 2498 non
1596 2469 1674 2509 jungi

1520 2597 1559 2626 QG

1353 893 1409 928 Qui
1434 892 1541 920 volunt
1560 893 1664 922 divites
1678 917 1697 931 ι.
1715 910 1771 931 Tim.
1792 907 1815 929 5,
