<?xml version="1.0" encoding="UTF-8"?>
<!DOCTYPE html PUBLIC "-//W3C//DTD XHTML 1.0 Transitional//EN"
    "http://www.w3.org/TR/xhtml1/DTD/xhtml1-transitional.dtd">
<html xmlns="http://www.w3.org/1999/xhtml" xml:lang="en" lang="en">
 <head>
  <title>
</title>
<meta http-equiv="Content-Type" content="text/html;charset=utf-8" />
  <meta name='ocr-system' content='tesseract 3.04.00' />
  <meta name='ocr-capabilities' content='ocr_page ocr_carea ocr_par ocr_line ocrx_word'/>
</head>
<body>
  <div class='ocr_page' id='page_1' title='image "./operaomniaquaeex10johnuoft/operaomniaquaeex10johnuoft_0414.png"; bbox 0 0 1891 2866; ppageno 0'>
   <div class='ocr_carea' id='block_1_1' title="bbox 200 173 941 220">
    <p class='ocr_par' dir='ltr' id='par_1_1' title="bbox 200 173 941 220">
     <span class='ocr_line' id='line_1_1' title="bbox 200 173 941 220; baseline -0.004 -13"><span class='ocrx_word' id='word_1_1' title='bbox 200 173 267 220; x_wconf 70' lang='lat'>398</span> <span class='ocrx_word' id='word_1_2' title='bbox 541 185 568 207; x_wconf 86' lang='lat' dir='ltr'>s.</span> <span class='ocrx_word' id='word_1_3' title='bbox 599 185 653 207; x_wconf 48' lang='lat' dir='ltr'>soi</span> <span class='ocrx_word' id='word_1_4' title='bbox 661 186 677 207; x_wconf 67' lang='lat' dir='ltr'>x</span> <span class='ocrx_word' id='word_1_5' title='bbox 685 185 735 207; x_wconf 63' lang='lat' dir='ltr'>xis</span> <span class='ocrx_word' id='word_1_6' title='bbox 762 185 822 206; x_wconf 78' lang='lat' dir='ltr'>cui:</span> <span class='ocrx_word' id='word_1_7' title='bbox 830 184 941 205; x_wconf 64' lang='lat' dir='ltr'>x‘sos‘r.</span> 
     </span>
    </p>
   </div>
   <div class='ocr_carea' id='block_1_2' title="bbox 192 245 972 2414">
    <p class='ocr_par' dir='ltr' id='par_1_2' title="bbox 192 245 972 2414">
     <span class='ocr_line' id='line_1_2' title="bbox 199 245 965 285; baseline -0.003 -12"><span class='ocrx_word' id='word_1_8' title='bbox 199 245 261 273; x_wconf 82' lang='lat' dir='ltr'>Ideo</span> <span class='ocrx_word' id='word_1_9' title='bbox 276 245 373 273; x_wconf 76' lang='lat' dir='ltr'>multos</span> <span class='ocrx_word' id='word_1_10' title='bbox 386 255 490 284; x_wconf 83' lang='lat' dir='ltr'>quoque</span> <span class='ocrx_word' id='word_1_11' title='bbox 504 245 655 285; x_wconf 83' lang='lat' dir='ltr'>impudicos</span> <span class='ocrx_word' id='word_1_12' title='bbox 674 246 717 274; x_wconf 83' lang='lat' dir='ltr'>hic</span> <span class='ocrx_word' id='word_1_13' title='bbox 731 245 866 274; x_wconf 79' lang='lat' dir='ltr'>attrahunt</span> <span class='ocrx_word' id='word_1_14' title='bbox 879 257 884 271; x_wconf 89' lang='lat'>:</span> <span class='ocrx_word' id='word_1_15' title='bbox 906 251 931 272; x_wconf 78' lang='lat' dir='ltr'>et</span> <span class='ocrx_word' id='word_1_16' title='bbox 948 248 965 268; x_wconf 86' lang='grc'>1)</span> 
     </span>
     <span class='ocr_line' id='line_1_3' title="bbox 198 291 932 332; baseline -0.003 -13"><span class='ocrx_word' id='word_1_17' title='bbox 198 292 220 320; x_wconf 69' lang='lat' dir='ltr'>si</span> <span class='ocrx_word' id='word_1_18' title='bbox 229 292 289 329; x_wconf 84' lang='lat' dir='ltr'>quis</span> <span class='ocrx_word' id='word_1_19' title='bbox 302 299 392 325; x_wconf 75' lang='lat' dir='ltr'>tentet,</span> <span class='ocrx_word' id='word_1_20' title='bbox 402 299 446 320; x_wconf 85' lang='lat' dir='ltr'>aut</span> <span class='ocrx_word' id='word_1_21' title='bbox 456 292 520 320; x_wconf 75' lang='lat' dir='ltr'>velit</span> <span class='ocrx_word' id='word_1_22' title='bbox 531 303 700 332; x_wconf 82' lang='lat' dir='ltr'>corrumpere</span> <span class='ocrx_word' id='word_1_23' title='bbox 711 292 859 322; x_wconf 79' lang='lat' dir='ltr'>mulierem.</span> <span class='ocrx_word' id='word_1_24' title='bbox 873 291 932 319; x_wconf 86' lang='lat' dir='ltr'>nul-</span> 
     </span>
     <span class='ocr_line' id='line_1_4' title="bbox 198 337 934 378; baseline -0.003 -13"><span class='ocrx_word' id='word_1_25' title='bbox 198 337 249 373; x_wconf 81' lang='lat' dir='ltr'>lus,</span> <span class='ocrx_word' id='word_1_26' title='bbox 266 344 294 366; x_wconf 89' lang='lat' dir='ltr'>ut</span> <span class='ocrx_word' id='word_1_27' title='bbox 314 345 390 377; x_wconf 77' lang='lat' dir='ltr'>puto,</span> <span class='ocrx_word' id='word_1_28' title='bbox 404 339 426 367; x_wconf 91' lang='lat' dir='ltr'>ei</span> <span class='ocrx_word' id='word_1_29' title='bbox 445 338 554 367; x_wconf 75' lang='lat' dir='ltr'>videtur</span> <span class='ocrx_word' id='word_1_30' title='bbox 572 339 646 367; x_wconf 80' lang='lat' dir='ltr'>lorus</span> <span class='ocrx_word' id='word_1_31' title='bbox 660 339 747 378; x_wconf 84' lang='lat' dir='ltr'>aptior</span> <span class='ocrx_word' id='word_1_32' title='bbox 768 337 892 371; x_wconf 75' lang='lat' dir='ltr'>ccclesia3</span> <span class='ocrx_word' id='word_1_33' title='bbox 908 342 934 363; x_wconf 82' lang='lat' dir='ltr'>et</span> 
     </span>
     <span class='ocr_line' id='line_1_5' title="bbox 198 382 935 425; baseline -0.004 -13"><span class='ocrx_word' id='word_1_34' title='bbox 198 384 220 412; x_wconf 84' lang='lat' dir='ltr'>si</span> <span class='ocrx_word' id='word_1_35' title='bbox 232 384 298 422; x_wconf 88' lang='lat' dir='ltr'>quid</span> <span class='ocrx_word' id='word_1_36' title='bbox 312 385 424 413; x_wconf 80' lang='lat' dir='ltr'>vendere</span> <span class='ocrx_word' id='word_1_37' title='bbox 440 392 485 413; x_wconf 82' lang='lat' dir='ltr'>aut</span> <span class='ocrx_word' id='word_1_38' title='bbox 497 396 582 414; x_wconf 81' lang='lat' dir='ltr'>emere</span> <span class='ocrx_word' id='word_1_39' title='bbox 591 392 720 425; x_wconf 77' lang='lat' dir='ltr'>oporteat,</span> <span class='ocrx_word' id='word_1_40' title='bbox 735 384 843 413; x_wconf 78' lang='lat' dir='ltr'>ecclesia</span> <span class='ocrx_word' id='word_1_41' title='bbox 860 382 935 411; x_wconf 80' lang='lat' dir='ltr'>vide-</span> 
     </span>
     <span class='ocr_line' id='line_1_6' title="bbox 199 429 934 470; baseline -0.003 -12"><span class='ocrx_word' id='word_1_42' title='bbox 199 438 243 459; x_wconf 87' lang='lat' dir='ltr'>tur</span> <span class='ocrx_word' id='word_1_43' title='bbox 262 442 318 460; x_wconf 84' lang='lat' dir='ltr'>esse</span> <span class='ocrx_word' id='word_1_44' title='bbox 336 432 369 461; x_wconf 79' lang='lat' dir='ltr'>ad</span> <span class='ocrx_word' id='word_1_45' title='bbox 390 433 458 460; x_wconf 86' lang='lat' dir='ltr'>illud</span> <span class='ocrx_word' id='word_1_46' title='bbox 478 432 651 466; x_wconf 74' lang='lat' dir='ltr'><strong>commodior,</strong></span> <span class='ocrx_word' id='word_1_47' title='bbox 666 443 745 470; x_wconf 79' lang='lat' dir='ltr'>quam</span> <span class='ocrx_word' id='word_1_48' title='bbox 767 432 862 459; x_wconf 84' lang='lat' dir='ltr'>sorum.</span> <span class='ocrx_word' id='word_1_49' title='bbox 884 429 934 457; x_wconf 91' lang='lat' dir='ltr'>Hic</span> 
     </span>
     <span class='ocr_line' id='line_1_7' title="bbox 199 475 934 518; baseline -0.004 -13"><span class='ocrx_word' id='word_1_50' title='bbox 199 477 269 506; x_wconf 82' lang='lat' dir='ltr'>enim</span> <span class='ocrx_word' id='word_1_51' title='bbox 283 477 317 506; x_wconf 78' lang='lat' dir='ltr'>de</span> <span class='ocrx_word' id='word_1_52' title='bbox 330 478 362 507; x_wconf 94' lang='lat' dir='ltr'>iis</span> <span class='ocrx_word' id='word_1_53' title='bbox 373 479 449 518; x_wconf 81' lang='lat' dir='ltr'>plura</span> <span class='ocrx_word' id='word_1_54' title='bbox 464 479 594 516; x_wconf 83' lang='lat' dir='ltr'>colloquia</span> <span class='ocrx_word' id='word_1_55' title='bbox 609 479 719 506; x_wconf 84' lang='lat' dir='ltr'>miscent</span> <span class='ocrx_word' id='word_1_56' title='bbox 734 488 812 515; x_wconf 81' lang='lat' dir='ltr'>quam</span> <span class='ocrx_word' id='word_1_57' title='bbox 827 476 854 503; x_wconf 88' lang='lat' dir='ltr'>in</span> <span class='ocrx_word' id='word_1_58' title='bbox 868 475 934 514; x_wconf 89' lang='lat' dir='ltr'>ipsis</span> 
     </span>
     <span class='ocr_line' id='line_1_8' title="bbox 199 522 933 562; baseline -0.004 -10"><span class='ocrx_word' id='word_1_59' title='bbox 199 524 320 554; x_wconf 83' lang='lat' dir='ltr'>officinis.</span> <span class='ocrx_word' id='word_1_60' title='bbox 337 525 372 553; x_wconf 91' lang='lat' dir='ltr'>Et</span> <span class='ocrx_word' id='word_1_61' title='bbox 389 526 411 553; x_wconf 85' lang='lat' dir='ltr'>si</span> <span class='ocrx_word' id='word_1_62' title='bbox 427 525 471 562; x_wconf 83' lang='lat' dir='ltr'>qui</span> <span class='ocrx_word' id='word_1_63' title='bbox 487 525 570 553; x_wconf 67' lang='lat' dir='ltr'>velint</span> <span class='ocrx_word' id='word_1_64' title='bbox 583 524 738 552; x_wconf 73' lang='lat' dir='ltr'>maledicere</span> <span class='ocrx_word' id='word_1_65' title='bbox 756 530 780 551; x_wconf 84' lang='lat' dir='ltr'>ct</span> <span class='ocrx_word' id='word_1_66' title='bbox 793 522 933 550; x_wconf 80' lang='lat' dir='ltr'>maledicta</span> 
     </span>
     <span class='ocr_line' id='line_1_9' title="bbox 198 568 932 609; baseline -0.004 -11"><span class='ocrx_word' id='word_1_67' title='bbox 198 570 302 605; x_wconf 80' lang='lat' dir='ltr'>audire,</span> <span class='ocrx_word' id='word_1_68' title='bbox 319 571 369 599; x_wconf 86' lang='lat' dir='ltr'>hoc</span> <span class='ocrx_word' id='word_1_69' title='bbox 383 582 488 609; x_wconf 85' lang='lat' dir='ltr'>quoquc</span> <span class='ocrx_word' id='word_1_70' title='bbox 500 571 544 598; x_wconf 83' lang='lat' dir='ltr'>hic</span> <span class='ocrx_word' id='word_1_71' title='bbox 555 570 639 607; x_wconf 79' lang='lat' dir='ltr'>magis</span> <span class='ocrx_word' id='word_1_72' title='bbox 649 569 751 597; x_wconf 78' lang='lat' dir='ltr'>videbit</span> <span class='ocrx_word' id='word_1_73' title='bbox 765 568 916 606; x_wconf 74' lang='lat' dir='ltr'>contingere</span> <span class='ocrx_word' id='word_1_74' title='bbox 925 590 932 601; x_wconf 85' lang='lat'><strong><em>‚</em></strong></span> 
     </span>
     <span class='ocr_line' id='line_1_10' title="bbox 198 612 932 652; baseline -0.004 -10"><span class='ocrx_word' id='word_1_75' title='bbox 198 625 278 652; x_wconf 78' lang='lat' dir='ltr'>quam</span> <span class='ocrx_word' id='word_1_76' title='bbox 292 615 316 643; x_wconf 89' lang='lat' dir='ltr'>in</span> <span class='ocrx_word' id='word_1_77' title='bbox 332 616 388 644; x_wconf 83' lang='lat' dir='ltr'>foro</span> <span class='ocrx_word' id='word_1_78' title='bbox 405 628 410 642; x_wconf 90' lang='lat'>:</span> <span class='ocrx_word' id='word_1_79' title='bbox 429 616 487 643; x_wconf 77' lang='lat' dir='ltr'>etsi</span> <span class='ocrx_word' id='word_1_80' title='bbox 501 615 615 643; x_wconf 80' lang='lat' dir='ltr'>volueris</span> <span class='ocrx_word' id='word_1_81' title='bbox 630 624 670 642; x_wconf 82' lang='lat' dir='ltr'>res</span> <span class='ocrx_word' id='word_1_82' title='bbox 683 613 776 641; x_wconf 77' lang='lat' dir='ltr'>audire</span> <span class='ocrx_word' id='word_1_83' title='bbox 787 612 890 648; x_wconf 74' lang='lat' dir='ltr'>civiles,</span> <span class='ocrx_word' id='word_1_84' title='bbox 907 619 932 640; x_wconf 86' lang='lat' dir='ltr'>et</span> 
     </span>
     <span class='ocr_line' id='line_1_11' title="bbox 198 658 933 698; baseline -0.003 -10"><span class='ocrx_word' id='word_1_85' title='bbox 198 671 256 698; x_wconf 66' lang='lat' dir='ltr'>quae</span> <span class='ocrx_word' id='word_1_86' title='bbox 271 661 296 689; x_wconf 90' lang='lat' dir='ltr'>in</span> <span class='ocrx_word' id='word_1_87' title='bbox 309 661 412 690; x_wconf 70' lang='lat' dir='ltr'>:edibus</span> <span class='ocrx_word' id='word_1_88' title='bbox 432 662 498 689; x_wconf 83' lang='lat' dir='ltr'>fiunt</span> <span class='ocrx_word' id='word_1_89' title='bbox 517 668 540 688; x_wconf 85' lang='lat' dir='ltr'>et</span> <span class='ocrx_word' id='word_1_90' title='bbox 556 671 613 698; x_wconf 77' lang='lat' dir='ltr'>quae</span> <span class='ocrx_word' id='word_1_91' title='bbox 632 660 657 687; x_wconf 92' lang='lat' dir='ltr'>in</span> <span class='ocrx_word' id='word_1_92' title='bbox 673 659 776 694; x_wconf 80' lang='lat' dir='ltr'>castris,</span> <span class='ocrx_word' id='word_1_93' title='bbox 795 669 826 686; x_wconf 90' lang='lat' dir='ltr'>ne</span> <span class='ocrx_word' id='word_1_94' title='bbox 841 669 884 686; x_wconf 85' lang='lat' dir='ltr'>eas</span> <span class='ocrx_word' id='word_1_95' title='bbox 898 658 933 687; x_wconf 75' lang='lat' dir='ltr'>ad</span> 
     </span>
     <span class='ocr_line' id='line_1_12' title="bbox 195 704 931 745; baseline -0.001 -11"><span class='ocrx_word' id='word_1_96' title='bbox 195 707 324 745; x_wconf 87' lang='lat' dir='ltr'>judiciale</span> <span class='ocrx_word' id='word_1_97' title='bbox 338 708 433 740; x_wconf 81' lang='lat' dir='ltr'>sorum,</span> <span class='ocrx_word' id='word_1_98' title='bbox 449 718 532 744; x_wconf 85' lang='lat' dir='ltr'>neque</span> <span class='ocrx_word' id='word_1_99' title='bbox 546 707 635 735; x_wconf 59' lang='lat' dir='ltr'>,sedeas</span> <span class='ocrx_word' id='word_1_100' title='bbox 650 706 676 734; x_wconf 91' lang='lat' dir='ltr'>iu</span> <span class='ocrx_word' id='word_1_101' title='bbox 691 705 797 734; x_wconf 81' lang='lat' dir='ltr'>officina</span> <span class='ocrx_word' id='word_1_102' title='bbox 811 704 931 733; x_wconf 83' lang='lat' dir='ltr'>medico-</span> 
     </span>
     <span class='ocr_line' id='line_1_13' title="bbox 198 751 965 790; baseline -0.001 -10"><span class='ocrx_word' id='word_1_103' title='bbox 198 763 257 780; x_wconf 89' lang='lat' dir='ltr'>rum</span> <span class='ocrx_word' id='word_1_104' title='bbox 269 764 275 788; x_wconf 83' lang='lat'><strong>;</strong></span> <span class='ocrx_word' id='word_1_105' title='bbox 290 760 349 781; x_wconf 82' lang='lat' dir='ltr'>sunt</span> <span class='ocrx_word' id='word_1_106' title='bbox 360 753 431 781; x_wconf 87' lang='lat' dir='ltr'>enim</span> <span class='ocrx_word' id='word_1_107' title='bbox 442 753 487 790; x_wconf 84' lang='lat' dir='ltr'>qui</span> <span class='ocrx_word' id='word_1_108' title='bbox 498 752 621 780; x_wconf 87' lang='lat' dir='ltr'>omnibus</span> <span class='ocrx_word' id='word_1_109' title='bbox 631 751 779 780; x_wconf 80' lang='lat' dir='ltr'>accuratius</span> <span class='ocrx_word' id='word_1_110' title='bbox 790 751 833 780; x_wconf 88' lang='lat' dir='ltr'>hic</span> <span class='ocrx_word' id='word_1_111' title='bbox 844 751 932 779; x_wconf 77' lang='lat' dir='ltr'>omnia</span> <span class='ocrx_word' id='word_1_112' title='bbox 949 757 965 779; x_wconf 85' lang='lat' dir='ltr'>E</span> 
     </span>
     <span class='ocr_line' id='line_1_14' title="bbox 198 797 930 836; baseline -0.001 -10"><span class='ocrx_word' id='word_1_113' title='bbox 198 797 253 826; x_wconf 73' lang='lat' dir='ltr'>haec</span> <span class='ocrx_word' id='word_1_114' title='bbox 267 798 425 826; x_wconf 77' lang='lat' dir='ltr'>annuntiant</span> <span class='ocrx_word' id='word_1_115' title='bbox 438 810 443 825; x_wconf 94' lang='lat'>:</span> <span class='ocrx_word' id='word_1_116' title='bbox 461 805 485 826; x_wconf 87' lang='lat' dir='ltr'>et</span> <span class='ocrx_word' id='word_1_117' title='bbox 500 798 544 826; x_wconf 85' lang='lat' dir='ltr'>hic</span> <span class='ocrx_word' id='word_1_118' title='bbox 558 797 632 826; x_wconf 86' lang='lat' dir='ltr'>locus</span> <span class='ocrx_word' id='word_1_119' title='bbox 651 797 761 835; x_wconf 77' lang='lat' dir='ltr'>quidvis</span> <span class='ocrx_word' id='word_1_120' title='bbox 776 797 864 836; x_wconf 89' lang='lat' dir='ltr'>potius</span> <span class='ocrx_word' id='word_1_121' title='bbox 882 803 930 831; x_wconf 82' lang='lat' dir='ltr'>cst,</span> 
     </span>
     <span class='ocr_line' id='line_1_15' title="bbox 197 842 933 881; baseline 0.001 -11"><span class='ocrx_word' id='word_1_122' title='bbox 197 854 277 881; x_wconf 79' lang='lat' dir='ltr'>quam</span> <span class='ocrx_word' id='word_1_123' title='bbox 290 843 406 872; x_wconf 78' lang='lat' dir='ltr'>ecclesia.</span> <span class='ocrx_word' id='word_1_124' title='bbox 420 844 477 872; x_wconf 85' lang='lat' dir='ltr'>Vos</span> <span class='ocrx_word' id='word_1_125' title='bbox 491 843 601 871; x_wconf 75' lang='lat' dir='ltr'>fortasse</span> <span class='ocrx_word' id='word_1_126' title='bbox 615 842 694 871; x_wconf 81' lang='lat' dir='ltr'>valde</span> <span class='ocrx_word' id='word_1_127' title='bbox 710 842 784 881; x_wconf 82' lang='lat' dir='ltr'>tetigi</span> <span class='ocrx_word' id='word_1_128' title='bbox 801 854 806 869; x_wconf 90' lang='lat'><strong>:</strong></span> <span class='ocrx_word' id='word_1_129' title='bbox 821 853 873 871; x_wconf 89' lang='lat' dir='ltr'>non</span> <span class='ocrx_word' id='word_1_130' title='bbox 885 853 933 881; x_wconf 83' lang='lat' dir='ltr'>ego</span> 
     </span>
     <span class='ocr_line' id='line_1_16' title="bbox 197 890 933 930; baseline 0.003 -13"><span class='ocrx_word' id='word_1_131' title='bbox 197 890 305 927; x_wconf 80' lang='lat' dir='ltr'>quidem</span> <span class='ocrx_word' id='word_1_132' title='bbox 324 890 447 919; x_wconf 79' lang='lat' dir='ltr'>arbitror.</span> <span class='ocrx_word' id='word_1_133' title='bbox 464 890 580 926; x_wconf 81' lang='lat' dir='ltr'>Quando</span> <span class='ocrx_word' id='word_1_134' title='bbox 594 891 663 919; x_wconf 88' lang='lat' dir='ltr'>enim</span> <span class='ocrx_word' id='word_1_135' title='bbox 681 890 708 918; x_wconf 91' lang='lat' dir='ltr'>in</span> <span class='ocrx_word' id='word_1_136' title='bbox 729 890 822 918; x_wconf 88' lang='lat' dir='ltr'>iisdem</span> <span class='ocrx_word' id='word_1_137' title='bbox 841 901 933 930; x_wconf 85' lang='lat' dir='ltr'>perse-</span> 
     </span>
     <span class='ocr_line' id='line_1_17' title="bbox 201 935 933 974; baseline 0.003 -11"><span class='ocrx_word' id='word_1_138' title='bbox 201 936 307 967; x_wconf 76' lang='lat' dir='ltr'>veratis,</span> <span class='ocrx_word' id='word_1_139' title='bbox 324 935 455 964; x_wconf 78' lang='lat' dir='ltr'>undenam</span> <span class='ocrx_word' id='word_1_140' title='bbox 468 936 549 964; x_wconf 85' lang='lat' dir='ltr'>sciam</span> <span class='ocrx_word' id='word_1_141' title='bbox 564 936 636 974; x_wconf 82' lang='lat' dir='ltr'>quod</span> <span class='ocrx_word' id='word_1_142' title='bbox 652 947 710 974; x_wconf 82' lang='lat' dir='ltr'>quae</span> <span class='ocrx_word' id='word_1_143' title='bbox 724 935 795 964; x_wconf 76' lang='lat' dir='ltr'>dicta</span> <span class='ocrx_word' id='word_1_144' title='bbox 813 943 875 964; x_wconf 85' lang='lat' dir='ltr'>sunt</span> <span class='ocrx_word' id='word_1_145' title='bbox 886 947 933 965; x_wconf 88' lang='lat' dir='ltr'>vos</span> 
     </span>
     <span class='ocr_line' id='line_1_18' title="bbox 197 981 930 1022; baseline 0.003 -13"><span class='ocrx_word' id='word_1_146' title='bbox 197 982 358 1019; x_wconf 75' lang='lat' dir='ltr'>tetigerunt?</span> <span class='ocrx_word' id='word_1_147' title='bbox 370 983 479 1011; x_wconf 79' lang='lat' dir='ltr'><strong>Necesse</strong></span> <span class='ocrx_word' id='word_1_148' title='bbox 493 990 531 1011; x_wconf 86' lang='lat' dir='ltr'>est</span> <span class='ocrx_word' id='word_1_149' title='bbox 541 993 603 1022; x_wconf 80' lang='lat' dir='ltr'>ergo</span> <span class='ocrx_word' id='word_1_150' title='bbox 613 994 704 1011; x_wconf 86' lang='lat' dir='ltr'>rursus</span> <span class='ocrx_word' id='word_1_151' title='bbox 713 981 804 1011; x_wconf 83' lang='lat' dir='ltr'>eadem</span> <span class='ocrx_word' id='word_1_152' title='bbox 815 989 930 1021; x_wconf 81' lang='lat' dir='ltr'>tangere.</span> 
     </span>
     <span class='ocr_line' id='line_1_19' title="bbox 196 1028 930 1063; baseline 0 -7"><span class='ocrx_word' id='word_1_153' title='bbox 196 1028 318 1057; x_wconf 81' lang='lat' dir='ltr'>Haeccine</span> <span class='ocrx_word' id='word_1_154' title='bbox 331 1036 392 1057; x_wconf 85' lang='lat' dir='ltr'>sunt</span> <span class='ocrx_word' id='word_1_155' title='bbox 407 1029 554 1057; x_wconf 76' lang='lat' dir='ltr'>tolerabilia</span> <span class='ocrx_word' id='word_1_156' title='bbox 563 1030 576 1057; x_wconf 63' lang='lat'>‚⁰</span> <span class='ocrx_word' id='word_1_157' title='bbox 587 1029 703 1057; x_wconf 76' lang='lat' dir='ltr'>haeccine</span> <span class='ocrx_word' id='word_1_158' title='bbox 717 1028 822 1057; x_wconf 80' lang='lat' dir='ltr'>ferenda</span> <span class='ocrx_word' id='word_1_159' title='bbox 831 1029 844 1056; x_wconf 71' lang='grc' dir='ltr'><strong><em>Ρ</em></strong></span> <span class='ocrx_word' id='word_1_160' title='bbox 858 1030 930 1063; x_wconf 86' lang='lat' dir='ltr'>Quo-</span> 
     </span>
     <span class='ocr_line' id='line_1_20' title="bbox 192 1075 931 1115; baseline 0.001 -12"><span class='ocrx_word' id='word_1_161' title='bbox 192 1075 262 1103; x_wconf 86' lang='lat' dir='ltr'>tidie</span> <span class='ocrx_word' id='word_1_162' title='bbox 273 1075 449 1113; x_wconf 74' lang='lat' dir='ltr'>defatigamur</span> <span class='ocrx_word' id='word_1_163' title='bbox 465 1083 489 1104; x_wconf 87' lang='lat' dir='ltr'>et</span> <span class='ocrx_word' id='word_1_164' title='bbox 503 1075 690 1115; x_wconf 77' lang='lat' dir='ltr'>discerpimur,</span> <span class='ocrx_word' id='word_1_165' title='bbox 705 1082 734 1103; x_wconf 88' lang='lat' dir='ltr'>ut</span> <span class='ocrx_word' id='word_1_166' title='bbox 748 1075 813 1103; x_wconf 87' lang='lat' dir='ltr'>utile</span> <span class='ocrx_word' id='word_1_167' title='bbox 827 1075 931 1113; x_wconf 80' lang='lat' dir='ltr'>aliquid</span> 
     </span>
     <span class='ocr_line' id='line_1_21' title="bbox 196 1122 931 1160; baseline 0 -10"><span class='ocrx_word' id='word_1_168' title='bbox 196 1122 282 1150; x_wconf 84' lang='lat' dir='ltr'>edocti</span> <span class='ocrx_word' id='word_1_169' title='bbox 294 1122 450 1151; x_wconf 80' lang='lat' dir='ltr'>discedatis:</span> <span class='ocrx_word' id='word_1_170' title='bbox 462 1133 537 1151; x_wconf 90' lang='lat' dir='ltr'>ncmo</span> <span class='ocrx_word' id='word_1_171' title='bbox 548 1129 636 1151; x_wconf 84' lang='lat' dir='ltr'>autern</span> <span class='ocrx_word' id='word_1_172' title='bbox 648 1129 764 1150; x_wconf 85' lang='lat' dir='ltr'>vestrum</span> <span class='ocrx_word' id='word_1_173' title='bbox 777 1122 879 1160; x_wconf 79' lang='lat' dir='ltr'>aliquid</span> <span class='ocrx_word' id='word_1_174' title='bbox 890 1122 931 1150; x_wconf 90' lang='lat' dir='ltr'>lu-</span> 
     </span>
     <span class='ocr_line' id='line_1_22' title="bbox 197 1168 972 1213; baseline -0.001 -16"><span class='ocrx_word' id='word_1_175' title='bbox 197 1175 286 1197; x_wconf 85' lang='lat' dir='ltr'>cratus</span> <span class='ocrx_word' id='word_1_176' title='bbox 300 1169 411 1203; x_wconf 80' lang='lat' dir='ltr'>recedit,</span> <span class='ocrx_word' id='word_1_177' title='bbox 433 1168 479 1197; x_wconf 81' lang='lat' dir='ltr'>sed</span> <span class='ocrx_word' id='word_1_178' title='bbox 498 1169 591 1207; x_wconf 75' lang='lat' dir='ltr'>majori</span> <span class='ocrx_word' id='word_1_179' title='bbox 609 1169 687 1197; x_wconf 83' lang='lat' dir='ltr'>etiam</span> <span class='ocrx_word' id='word_1_180' title='bbox 701 1168 798 1196; x_wconf 75' lang='lat' dir='ltr'>damno</span> <span class='ocrx_word' id='word_1_181' title='bbox 812 1169 929 1197; x_wconf 81' lang='lat' dir='ltr'>affectus.</span> <span class='ocrx_word' id='word_1_182' title='bbox 937 1193 972 1213; x_wconf 53' lang='grc' dir='ltr'>Μ</span> 
     </span>
     <span class='ocr_line' id='line_1_23' title="bbox 197 1213 966 1254; baseline 0 -11"><span class='ocrx_word' id='word_1_183' title='bbox 197 1213 303 1243; x_wconf 87' lang='lat' dir='ltr'>Etenim</span> <span class='ocrx_word' id='word_1_184' title='bbox 320 1215 347 1243; x_wconf 93' lang='lat' dir='ltr'>in</span> <span class='ocrx_word' id='word_1_185' title='bbox 359 1215 493 1254; x_wconf 87' lang='lat' dir='ltr'>judicium</span> <span class='ocrx_word' id='word_1_186' title='bbox 510 1214 667 1249; x_wconf 85' lang='lat' dir='ltr'>convenitis,</span> <span class='ocrx_word' id='word_1_187' title='bbox 684 1225 745 1242; x_wconf 89' lang='lat' dir='ltr'>cum</span> <span class='ocrx_word' id='word_1_188' title='bbox 758 1215 859 1254; x_wconf 82' lang='lat' dir='ltr'>peccati</span> <span class='ocrx_word' id='word_1_189' title='bbox 875 1215 929 1243; x_wconf 92' lang='lat' dir='ltr'>uti-</span> <span class='ocrx_word' id='word_1_190' title='bbox 948 1222 966 1243; x_wconf 83' lang='grc' dir='ltr'>Α</span> 
     </span>
     <span class='ocr_line' id='line_1_24' title="bbox 198 1261 931 1299; baseline 0 -10"><span class='ocrx_word' id='word_1_191' title='bbox 198 1272 250 1299; x_wconf 84' lang='lat' dir='ltr'>que</span> <span class='ocrx_word' id='word_1_192' title='bbox 270 1262 372 1290; x_wconf 83' lang='lat' dir='ltr'>nullam</span> <span class='ocrx_word' id='word_1_193' title='bbox 393 1261 511 1290; x_wconf 83' lang='lat' dir='ltr'>habeatis</span> <span class='ocrx_word' id='word_1_194' title='bbox 528 1261 702 1295; x_wconf 78' lang='lat' dir='ltr'>occasionem,</span> <span class='ocrx_word' id='word_1_195' title='bbox 722 1267 746 1289; x_wconf 89' lang='lat' dir='ltr'>et</span> <span class='ocrx_word' id='word_1_196' title='bbox 765 1261 886 1290; x_wconf 86' lang='lat' dir='ltr'>meliores</span> <span class='ocrx_word' id='word_1_197' title='bbox 906 1268 931 1290; x_wconf 90' lang='lat' dir='ltr'>et</span> 
     </span>
     <span class='ocr_line' id='line_1_25' title="bbox 197 1306 932 1346; baseline 0 -11"><span class='ocrx_word' id='word_1_198' title='bbox 197 1306 315 1336; x_wconf 83' lang='lat' dir='ltr'>mitiores</span> <span class='ocrx_word' id='word_1_199' title='bbox 328 1307 471 1346; x_wconf 74' lang='lat' dir='ltr'>expellitis,</span> <span class='ocrx_word' id='word_1_200' title='bbox 485 1318 528 1335; x_wconf 88' lang='lat' dir='ltr'>eos</span> <span class='ocrx_word' id='word_1_201' title='bbox 542 1306 637 1336; x_wconf 76' lang='lat' dir='ltr'>vestris</span> <span class='ocrx_word' id='word_1_202' title='bbox 650 1306 728 1344; x_wconf 72' lang='lat' dir='ltr'>nugis</span> <span class='ocrx_word' id='word_1_203' title='bbox 743 1306 861 1345; x_wconf 86' lang='lat' dir='ltr'>undique</span> <span class='ocrx_word' id='word_1_204' title='bbox 874 1318 932 1335; x_wconf 92' lang='lat' dir='ltr'>mo-</span> 
     </span>
     <span class='ocr_line' id='line_1_26' title="bbox 197 1352 932 1391; baseline 0.001 -10"><span class='ocrx_word' id='word_1_205' title='bbox 197 1353 272 1381; x_wconf 86' lang='lat' dir='ltr'>lestia</span> <span class='ocrx_word' id='word_1_206' title='bbox 286 1353 438 1382; x_wconf 79' lang='lat' dir='ltr'>afficientes.</span> <span class='ocrx_word' id='word_1_207' title='bbox 450 1352 503 1382; x_wconf 87' lang='lat' dir='ltr'>Sed</span> <span class='ocrx_word' id='word_1_208' title='bbox 515 1353 579 1391; x_wconf 84' lang='lat' dir='ltr'>quid</span> <span class='ocrx_word' id='word_1_209' title='bbox 592 1359 629 1381; x_wconf 90' lang='lat' dir='ltr'>est</span> <span class='ocrx_word' id='word_1_210' title='bbox 642 1352 714 1391; x_wconf 77' lang='lat' dir='ltr'>quod</span> <span class='ocrx_word' id='word_1_211' title='bbox 725 1352 826 1381; x_wconf 85' lang='lat' dir='ltr'>dicitur</span> <span class='ocrx_word' id='word_1_212' title='bbox 837 1364 851 1381; x_wconf 88' lang='lat' dir='ltr'>a</span> <span class='ocrx_word' id='word_1_213' title='bbox 864 1354 932 1382; x_wconf 90' lang='lat' dir='ltr'>mul-</span> 
     </span>
     <span class='ocr_line' id='line_1_27' title="bbox 196 1399 933 1438; baseline 0 -10"><span class='ocrx_word' id='word_1_214' title='bbox 196 1399 254 1428; x_wconf 81' lang='lat' dir='ltr'>tis?</span> <span class='ocrx_word' id='word_1_215' title='bbox 268 1400 326 1428; x_wconf 89' lang='lat' dir='ltr'>Non</span> <span class='ocrx_word' id='word_1_216' title='bbox 340 1399 431 1437; x_wconf 85' lang='lat' dir='ltr'>audio,</span> <span class='ocrx_word' id='word_1_217' title='bbox 447 1400 544 1438; x_wconf 81' lang='lat' dir='ltr'>inquit,</span> <span class='ocrx_word' id='word_1_218' title='bbox 558 1410 616 1438; x_wconf 67' lang='lat' dir='ltr'>quae</span> <span class='ocrx_word' id='word_1_219' title='bbox 628 1399 760 1438; x_wconf 81' lang='lat' dir='ltr'>leguntur,</span> <span class='ocrx_word' id='word_1_220' title='bbox 783 1409 869 1438; x_wconf 81' lang='lat' dir='ltr'>neque</span> <span class='ocrx_word' id='word_1_221' title='bbox 879 1400 933 1429; x_wconf 89' lang='lat' dir='ltr'>scio</span> 
     </span>
     <span class='ocr_line' id='line_1_28' title="bbox 197 1445 934 1484; baseline 0.001 -10"><span class='ocrx_word' id='word_1_222' title='bbox 197 1456 228 1474; x_wconf 84' lang='lat' dir='ltr'>ea</span> <span class='ocrx_word' id='word_1_223' title='bbox 243 1457 301 1484; x_wconf 83' lang='lat' dir='ltr'>quae</span> <span class='ocrx_word' id='word_1_224' title='bbox 317 1446 453 1475; x_wconf 82' lang='lat' dir='ltr'>dicuntur.</span> <span class='ocrx_word' id='word_1_225' title='bbox 471 1445 542 1482; x_wconf 80' lang='lat' dir='ltr'>Quia</span> <span class='ocrx_word' id='word_1_226' title='bbox 563 1445 743 1480; x_wconf 81' lang='lat' dir='ltr'>tumultuaris,</span> <span class='ocrx_word' id='word_1_227' title='bbox 766 1446 858 1474; x_wconf 89' lang='lat' dir='ltr'>turbas</span> <span class='ocrx_word' id='word_1_228' title='bbox 877 1457 934 1475; x_wconf 90' lang='lat' dir='ltr'>mo-</span> 
     </span>
     <span class='ocr_line' id='line_1_29' title="bbox 198 1491 934 1531; baseline -0.001 -11"><span class='ocrx_word' id='word_1_229' title='bbox 198 1503 252 1529; x_wconf 78' lang='lat' dir='ltr'>ves,</span> <span class='ocrx_word' id='word_1_230' title='bbox 264 1503 347 1530; x_wconf 85' lang='lat' dir='ltr'>neque</span> <span class='ocrx_word' id='word_1_231' title='bbox 358 1491 460 1520; x_wconf 82' lang='lat' dir='ltr'>accedis</span> <span class='ocrx_word' id='word_1_232' title='bbox 474 1502 535 1520; x_wconf 88' lang='lat' dir='ltr'>cum</span> <span class='ocrx_word' id='word_1_233' title='bbox 549 1493 638 1520; x_wconf 81' lang='lat' dir='ltr'>animo</span> <span class='ocrx_word' id='word_1_234' title='bbox 653 1502 730 1519; x_wconf 85' lang='lat' dir='ltr'>sensu</span> <span class='ocrx_word' id='word_1_235' title='bbox 743 1491 847 1531; x_wconf 88' lang='lat' dir='ltr'>pietatis</span> <span class='ocrx_word' id='word_1_236' title='bbox 861 1503 934 1531; x_wconf 82' lang='lat' dir='ltr'>prae-</span> 
     </span>
     <span class='ocr_line' id='line_1_30' title="bbox 198 1537 935 1575; baseline -0.001 -9"><span class='ocrx_word' id='word_1_237' title='bbox 198 1537 263 1566; x_wconf 90' lang='lat' dir='ltr'>dito.</span> <span class='ocrx_word' id='word_1_238' title='bbox 284 1537 358 1573; x_wconf 88' lang='lat' dir='ltr'>Quid</span> <span class='ocrx_word' id='word_1_239' title='bbox 380 1538 467 1566; x_wconf 72' lang='lat' dir='ltr'>dicis?</span> <span class='ocrx_word' id='word_1_240' title='bbox 482 1537 565 1566; x_wconf 89' lang='lat' dir='ltr'>nescis</span> <span class='ocrx_word' id='word_1_241' title='bbox 589 1548 710 1575; x_wconf 79' lang='lat' dir='ltr'>quoenam</span> <span class='ocrx_word' id='word_1_242' title='bbox 725 1537 782 1565; x_wconf 84' lang='lat' dir='ltr'>haee</span> <span class='ocrx_word' id='word_1_243' title='bbox 795 1537 866 1565; x_wconf 84' lang='lat' dir='ltr'>dicta</span> <span class='ocrx_word' id='word_1_244' title='bbox 883 1537 935 1566; x_wconf 88' lang='lat' dir='ltr'>sibi</span> 
     </span>
     <span class='ocr_line' id='line_1_31' title="bbox 198 1584 936 1624; baseline 0 -11"><span class='ocrx_word' id='word_1_245' title='bbox 198 1584 305 1613; x_wconf 74' lang='lat' dir='ltr'>velint?</span> <span class='ocrx_word' id='word_1_246' title='bbox 323 1585 405 1623; x_wconf 87' lang='lat' dir='ltr'>Atqui</span> <span class='ocrx_word' id='word_1_247' title='bbox 425 1592 532 1624; x_wconf 85' lang='lat' dir='ltr'>propter</span> <span class='ocrx_word' id='word_1_248' title='bbox 542 1584 593 1613; x_wconf 83' lang='lat' dir='ltr'>hoc</span> <span class='ocrx_word' id='word_1_249' title='bbox 602 1584 692 1623; x_wconf 87' lang='lat' dir='ltr'>ipsum</span> <span class='ocrx_word' id='word_1_250' title='bbox 712 1591 737 1613; x_wconf 86' lang='lat' dir='ltr'>te</span> <span class='ocrx_word' id='word_1_251' title='bbox 747 1584 884 1623; x_wconf 85' lang='lat' dir='ltr'>oportebat</span> <span class='ocrx_word' id='word_1_252' title='bbox 897 1592 936 1613; x_wconf 84' lang='lat' dir='ltr'>at-</span> 
     </span>
     <span class='ocr_line' id='line_1_32' title="bbox 198 1630 937 1669; baseline -0.001 -9"><span class='ocrx_word' id='word_1_253' title='bbox 198 1631 313 1660; x_wconf 86' lang='lat' dir='ltr'>tendere.</span> <span class='ocrx_word' id='word_1_254' title='bbox 328 1631 356 1660; x_wconf 88' lang='lat' dir='ltr'>Si</span> <span class='ocrx_word' id='word_1_255' title='bbox 371 1638 459 1660; x_wconf 86' lang='lat' dir='ltr'>autem</span> <span class='ocrx_word' id='word_1_256' title='bbox 476 1641 508 1659; x_wconf 89' lang='lat' dir='ltr'>ne</span> <span class='ocrx_word' id='word_1_257' title='bbox 526 1630 554 1659; x_wconf 91' lang='lat' dir='ltr'>id</span> <span class='ocrx_word' id='word_1_258' title='bbox 569 1630 686 1668; x_wconf 83' lang='lat' dir='ltr'>quidem,</span> <span class='ocrx_word' id='word_1_259' title='bbox 700 1630 772 1669; x_wconf 91' lang='lat' dir='ltr'>quod</span> <span class='ocrx_word' id='word_1_260' title='bbox 790 1635 828 1659; x_wconf 81' lang='lat' dir='ltr'>est</span> <span class='ocrx_word' id='word_1_261' title='bbox 840 1631 937 1659; x_wconf 43' lang='lat' dir='ltr'>obscu*</span> 
     </span>
     <span class='ocr_line' id='line_1_33' title="bbox 199 1677 936 1716; baseline -0.001 -10"><span class='ocrx_word' id='word_1_262' title='bbox 199 1689 275 1713; x_wconf 87' lang='lat' dir='ltr'>rum,</span> <span class='ocrx_word' id='word_1_263' title='bbox 302 1685 377 1707; x_wconf 85' lang='lat' dir='ltr'>tuum</span> <span class='ocrx_word' id='word_1_264' title='bbox 398 1678 495 1707; x_wconf 81' lang='lat' dir='ltr'>excitat</span> <span class='ocrx_word' id='word_1_265' title='bbox 506 1677 637 1715; x_wconf 85' lang='lat' dir='ltr'>animum,</span> <span class='ocrx_word' id='word_1_266' title='bbox 653 1677 738 1706; x_wconf 87' lang='lat' dir='ltr'>multo</span> <span class='ocrx_word' id='word_1_267' title='bbox 759 1678 844 1716; x_wconf 79' lang='lat' dir='ltr'>magis</span> <span class='ocrx_word' id='word_1_268' title='bbox 858 1677 880 1705; x_wconf 90' lang='lat' dir='ltr'>si</span> <span class='ocrx_word' id='word_1_269' title='bbox 895 1688 936 1706; x_wconf 73' lang='lat' dir='ltr'>es-</span> 
     </span>
     <span class='ocr_line' id='line_1_34' title="bbox 201 1724 970 1763; baseline 0 -9"><span class='ocrx_word' id='word_1_270' title='bbox 201 1732 257 1754; x_wconf 86' lang='lat' dir='ltr'>sent</span> <span class='ocrx_word' id='word_1_271' title='bbox 272 1725 343 1754; x_wconf 86' lang='lat' dir='ltr'>clara</span> <span class='ocrx_word' id='word_1_272' title='bbox 365 1736 396 1754; x_wconf 86' lang='lat' dir='ltr'>ac</span> <span class='ocrx_word' id='word_1_273' title='bbox 409 1725 546 1753; x_wconf 80' lang='lat' dir='ltr'>manifesta</span> <span class='ocrx_word' id='word_1_274' title='bbox 558 1746 566 1761; x_wconf 86' lang='lat'>‚</span> <span class='ocrx_word' id='word_1_275' title='bbox 587 1735 617 1752; x_wconf 90' lang='lat' dir='ltr'>ea</span> <span class='ocrx_word' id='word_1_276' title='bbox 631 1730 854 1763; x_wconf 84' lang='lat' dir='ltr'>praetercurreres.</span> <span class='ocrx_word' id='word_1_277' title='bbox 873 1724 936 1753; x_wconf 89' lang='lat' dir='ltr'>Ideo</span> <span class='ocrx_word' id='word_1_278' title='bbox 952 1731 970 1754; x_wconf 90' lang='lat' dir='ltr'>B</span> 
     </span>
     <span class='ocr_line' id='line_1_35' title="bbox 199 1769 935 1810; baseline -0.003 -10"><span class='ocrx_word' id='word_1_279' title='bbox 199 1771 270 1800; x_wconf 82' lang='lat' dir='ltr'>enim</span> <span class='ocrx_word' id='word_1_280' title='bbox 293 1782 378 1810; x_wconf 86' lang='lat' dir='ltr'>neque</span> <span class='ocrx_word' id='word_1_281' title='bbox 407 1771 495 1800; x_wconf 89' lang='lat' dir='ltr'>omnia</span> <span class='ocrx_word' id='word_1_282' title='bbox 519 1777 580 1799; x_wconf 85' lang='lat' dir='ltr'>sunt</span> <span class='ocrx_word' id='word_1_283' title='bbox 602 1769 722 1799; x_wconf 84' lang='lat' dir='ltr'>dilucida</span> <span class='ocrx_word' id='word_1_284' title='bbox 733 1793 741 1806; x_wconf 90' lang='lat'>‚</span> <span class='ocrx_word' id='word_1_285' title='bbox 763 1781 796 1799; x_wconf 88' lang='lat' dir='ltr'>ne</span> <span class='ocrx_word' id='word_1_286' title='bbox 823 1770 859 1799; x_wconf 90' lang='lat' dir='ltr'>sis</span> <span class='ocrx_word' id='word_1_287' title='bbox 889 1770 935 1810; x_wconf 88' lang='lat' dir='ltr'>pi—</span> 
     </span>
     <span class='ocr_line' id='line_1_36' title="bbox 201 1815 936 1856; baseline 0 -11"><span class='ocrx_word' id='word_1_288' title='bbox 201 1827 263 1854; x_wconf 74' lang='lat' dir='ltr'>ger5</span> <span class='ocrx_word' id='word_1_289' title='bbox 280 1828 362 1856; x_wconf 84' lang='lat' dir='ltr'>neque</span> <span class='ocrx_word' id='word_1_290' title='bbox 379 1817 506 1852; x_wconf 87' lang='lat' dir='ltr'>obscura,</span> <span class='ocrx_word' id='word_1_291' title='bbox 524 1827 556 1845; x_wconf 86' lang='lat' dir='ltr'>ne</span> <span class='ocrx_word' id='word_1_292' title='bbox 567 1815 699 1855; x_wconf 86' lang='lat' dir='ltr'>desperes.</span> <span class='ocrx_word' id='word_1_293' title='bbox 717 1815 751 1845; x_wconf 89' lang='lat' dir='ltr'>Et</span> <span class='ocrx_word' id='word_1_294' title='bbox 771 1815 817 1844; x_wconf 87' lang='lat' dir='ltr'>ille</span> <span class='ocrx_word' id='word_1_295' title='bbox 826 1816 936 1854; x_wconf 87' lang='lat' dir='ltr'>quidem</span> 
     </span>
     <span class='ocr_line' id='line_1_37' title="bbox 201 1863 936 1898; baseline 0.003 -7"><span class='ocrx_word' id='word_1_296' title='bbox 201 1864 339 1893; x_wconf 86' lang='lat' dir='ltr'>eunuchus</span> <span class='ocrx_word' id='word_1_297' title='bbox 356 1871 381 1893; x_wconf 85' lang='lat' dir='ltr'>et</span> <span class='ocrx_word' id='word_1_298' title='bbox 401 1864 532 1892; x_wconf 83' lang='lat' dir='ltr'>barbarus</span> <span class='ocrx_word' id='word_1_299' title='bbox 552 1863 621 1892; x_wconf 88' lang='lat' dir='ltr'>nihil</span> <span class='ocrx_word' id='word_1_300' title='bbox 638 1874 672 1892; x_wconf 78' lang='lat' dir='ltr'>ex</span> <span class='ocrx_word' id='word_1_301' title='bbox 690 1863 722 1891; x_wconf 84' lang='lat' dir='ltr'>iis</span> <span class='ocrx_word' id='word_1_302' title='bbox 741 1863 821 1898; x_wconf 82' lang='lat' dir='ltr'>dixit,</span> <span class='ocrx_word' id='word_1_303' title='bbox 844 1863 889 1892; x_wconf 84' lang='lat' dir='ltr'>sed</span> <span class='ocrx_word' id='word_1_304' title='bbox 911 1871 936 1893; x_wconf 93' lang='lat' dir='ltr'>et</span> 
     </span>
     <span class='ocr_line' id='line_1_38' title="bbox 201 1909 935 1949; baseline 0 -10"><span class='ocrx_word' id='word_1_305' title='bbox 201 1917 334 1939; x_wconf 78' lang='lat' dir='ltr'>tantorum</span> <span class='ocrx_word' id='word_1_306' title='bbox 355 1911 520 1949; x_wconf 82' lang='lat' dir='ltr'>negotiorum</span> <span class='ocrx_word' id='word_1_307' title='bbox 539 1909 721 1938; x_wconf 87' lang='lat' dir='ltr'>circumdatus</span> <span class='ocrx_word' id='word_1_308' title='bbox 744 1909 935 1947; x_wconf 85' lang='lat' dir='ltr'>multitudine,</span> 
     </span>
     <span class='ocr_line' id='line_1_39' title="bbox 201 1956 935 1992; baseline -0.003 -6"><span class='ocrx_word' id='word_1_309' title='bbox 201 1958 281 1986; x_wconf 74' lang='lat' dir='ltr'>etiam</span> <span class='ocrx_word' id='word_1_310' title='bbox 295 1968 356 1986; x_wconf 89' lang='lat' dir='ltr'>cum</span> <span class='ocrx_word' id='word_1_311' title='bbox 375 1958 401 1985; x_wconf 87' lang='lat' dir='ltr'>in</span> <span class='ocrx_word' id='word_1_312' title='bbox 423 1957 466 1985; x_wconf 82' lang='lat' dir='ltr'>via</span> <span class='ocrx_word' id='word_1_313' title='bbox 486 1963 566 1992; x_wconf 87' lang='lat' dir='ltr'>esset,</span> <span class='ocrx_word' id='word_1_314' title='bbox 580 1956 681 1985; x_wconf 84' lang='lat' dir='ltr'>librum</span> <span class='ocrx_word' id='word_1_315' title='bbox 702 1956 818 1984; x_wconf 79' lang='lat' dir='ltr'>habebat</span> <span class='ocrx_word' id='word_1_316' title='bbox 835 1956 862 1984; x_wconf 88' lang='lat' dir='ltr'>in</span> <span class='ocrx_word' id='word_1_317' title='bbox 878 1967 935 1985; x_wconf 85' lang='lat' dir='ltr'>ma-</span> 
     </span>
     <span class='ocr_line' id='line_1_40' title="bbox 202 2002 935 2043; baseline -0.003 -10"><span class='ocrx_word' id='word_1_318' title='bbox 202 2005 281 2033; x_wconf 86' lang='lat' dir='ltr'>nibus</span> <span class='ocrx_word' id='word_1_319' title='bbox 296 2011 322 2033; x_wconf 88' lang='lat' dir='ltr'>et</span> <span class='ocrx_word' id='word_1_320' title='bbox 335 2004 448 2043; x_wconf 83' lang='lat' dir='ltr'>legebat,</span> <span class='ocrx_word' id='word_1_321' title='bbox 466 2014 517 2031; x_wconf 89' lang='lat' dir='ltr'>non</span> <span class='ocrx_word' id='word_1_322' title='bbox 528 2003 678 2041; x_wconf 86' lang='lat' dir='ltr'>intelligens</span> <span class='ocrx_word' id='word_1_323' title='bbox 688 2002 762 2041; x_wconf 89' lang='lat' dir='ltr'>quod</span> <span class='ocrx_word' id='word_1_324' title='bbox 772 2002 891 2041; x_wconf 82' lang='lat' dir='ltr'>legebat:</span> <span class='ocrx_word' id='word_1_325' title='bbox 906 2010 935 2031; x_wconf 88' lang='lat' dir='ltr'>tu</span> 
     </span>
     <span class='ocr_line' id='line_1_41' title="bbox 202 2051 936 2090; baseline -0.003 -9"><span class='ocrx_word' id='word_1_326' title='bbox 202 2060 300 2090; x_wconf 82' lang='lat' dir='ltr'>autem,</span> <span class='ocrx_word' id='word_1_327' title='bbox 315 2063 376 2081; x_wconf 91' lang='lat' dir='ltr'>cum</span> <span class='ocrx_word' id='word_1_328' title='bbox 388 2059 412 2080; x_wconf 89' lang='lat' dir='ltr'>et</span> <span class='ocrx_word' id='word_1_329' title='bbox 426 2051 475 2080; x_wconf 90' lang='lat' dir='ltr'>tibi</span> <span class='ocrx_word' id='word_1_330' title='bbox 489 2051 522 2079; x_wconf 89' lang='lat' dir='ltr'>sit</span> <span class='ocrx_word' id='word_1_331' title='bbox 536 2051 611 2090; x_wconf 91' lang='lat' dir='ltr'>copia</span> <span class='ocrx_word' id='word_1_332' title='bbox 625 2051 764 2080; x_wconf 88' lang='lat' dir='ltr'>doctorum</span> <span class='ocrx_word' id='word_1_333' title='bbox 777 2074 784 2084; x_wconf 83' lang='grc'>,</span> <span class='ocrx_word' id='word_1_334' title='bbox 799 2058 824 2080; x_wconf 90' lang='lat' dir='ltr'>et</span> <span class='ocrx_word' id='word_1_335' title='bbox 838 2051 936 2080; x_wconf 85' lang='lat' dir='ltr'>habeas</span> 
     </span>
     <span class='ocr_line' id='line_1_42' title="bbox 202 2097 935 2137; baseline -0.001 -10"><span class='ocrx_word' id='word_1_336' title='bbox 202 2100 248 2137; x_wconf 82' lang='lat' dir='ltr'>qui</span> <span class='ocrx_word' id='word_1_337' title='bbox 264 2099 313 2127; x_wconf 86' lang='lat' dir='ltr'>tibi</span> <span class='ocrx_word' id='word_1_338' title='bbox 327 2098 430 2137; x_wconf 78' lang='lat' dir='ltr'>legant,</span> <span class='ocrx_word' id='word_1_339' title='bbox 451 2097 517 2125; x_wconf 86' lang='lat' dir='ltr'>mihi</span> <span class='ocrx_word' id='word_1_340' title='bbox 537 2098 717 2126; x_wconf 81' lang='lat' dir='ltr'>excusationes</span> <span class='ocrx_word' id='word_1_341' title='bbox 728 2097 829 2136; x_wconf 84' lang='lat' dir='ltr'>profers</span> <span class='ocrx_word' id='word_1_342' title='bbox 841 2105 866 2126; x_wconf 83' lang='lat' dir='ltr'>et</span> <span class='ocrx_word' id='word_1_343' title='bbox 884 2097 935 2126; x_wconf 91' lang='lat' dir='ltr'>ob-</span> 
     </span>
     <span class='ocr_line' id='line_1_43' title="bbox 201 2142 934 2182; baseline -0.001 -9"><span class='ocrx_word' id='word_1_344' title='bbox 201 2152 298 2173; x_wconf 81' lang='lat' dir='ltr'>tentus.</span> <span class='ocrx_word' id='word_1_345' title='bbox 308 2144 401 2173; x_wconf 85' lang='lat' dir='ltr'>Nescis</span> <span class='ocrx_word' id='word_1_346' title='bbox 419 2154 448 2172; x_wconf 80' lang='lat' dir='ltr'>ea</span> <span class='ocrx_word' id='word_1_347' title='bbox 460 2153 517 2181; x_wconf 79' lang='lat' dir='ltr'>quae</span> <span class='ocrx_word' id='word_1_348' title='bbox 530 2142 678 2171; x_wconf 70' lang='lat' dir='ltr'>dicuntur?</span> <span class='ocrx_word' id='word_1_349' title='bbox 695 2144 749 2172; x_wconf 83' lang='lat' dir='ltr'>Ora</span> <span class='ocrx_word' id='word_1_350' title='bbox 763 2153 825 2182; x_wconf 82' lang='lat' dir='ltr'>ergo</span> <span class='ocrx_word' id='word_1_351' title='bbox 844 2150 872 2172; x_wconf 89' lang='lat' dir='ltr'>ut</span> <span class='ocrx_word' id='word_1_352' title='bbox 891 2144 934 2172; x_wconf 91' lang='lat' dir='ltr'>di-</span> 
     </span>
     <span class='ocr_line' id='line_1_44' title="bbox 201 2189 968 2229; baseline 0 -10"><span class='ocrx_word' id='word_1_353' title='bbox 201 2202 265 2221; x_wconf 82' lang='lat' dir='ltr'>scas.</span> <span class='ocrx_word' id='word_1_354' title='bbox 279 2193 337 2221; x_wconf 89' lang='lat' dir='ltr'>Imo</span> <span class='ocrx_word' id='word_1_355' title='bbox 349 2201 412 2219; x_wconf 83' lang='lat' dir='ltr'>vero</span> <span class='ocrx_word' id='word_1_356' title='bbox 423 2189 481 2218; x_wconf 84' lang='lat' dir='ltr'>fieri</span> <span class='ocrx_word' id='word_1_357' title='bbox 500 2200 551 2217; x_wconf 88' lang='lat' dir='ltr'>non</span> <span class='ocrx_word' id='word_1_358' title='bbox 564 2195 649 2228; x_wconf 87' lang='lat' dir='ltr'>potest</span> <span class='ocrx_word' id='word_1_359' title='bbox 667 2197 696 2218; x_wconf 87' lang='lat' dir='ltr'>ut</span> <span class='ocrx_word' id='word_1_360' title='bbox 715 2190 803 2219; x_wconf 86' lang='lat' dir='ltr'>omnia</span> <span class='ocrx_word' id='word_1_361' title='bbox 821 2190 934 2229; x_wconf 80' lang='lat' dir='ltr'>ignores.</span> <span class='ocrx_word' id='word_1_362' title='bbox 951 2195 968 2218; x_wconf 94' lang='lat' dir='ltr'>C</span> 
     </span>
     <span class='ocr_line' id='line_1_45' title="bbox 200 2235 934 2275; baseline -0.001 -9"><span class='ocrx_word' id='word_1_363' title='bbox 200 2239 286 2267; x_wconf 76' lang='lat' dir='ltr'>Multa</span> <span class='ocrx_word' id='word_1_364' title='bbox 296 2237 366 2266; x_wconf 83' lang='lat' dir='ltr'>enim</span> <span class='ocrx_word' id='word_1_365' title='bbox 379 2243 440 2265; x_wconf 88' lang='lat' dir='ltr'>sunt</span> <span class='ocrx_word' id='word_1_366' title='bbox 449 2247 481 2264; x_wconf 81' lang='lat' dir='ltr'>ex</span> <span class='ocrx_word' id='word_1_367' title='bbox 491 2246 518 2264; x_wconf 88' lang='lat' dir='ltr'>se</span> <span class='ocrx_word' id='word_1_368' title='bbox 531 2242 620 2275; x_wconf 80' lang='lat' dir='ltr'>aperta</span> <span class='ocrx_word' id='word_1_369' title='bbox 631 2242 656 2263; x_wconf 87' lang='lat' dir='ltr'>et</span> <span class='ocrx_word' id='word_1_370' title='bbox 667 2235 801 2272; x_wconf 77' lang='lat' dir='ltr'>dilucida3</span> <span class='ocrx_word' id='word_1_371' title='bbox 810 2236 863 2265; x_wconf 88' lang='lat' dir='ltr'>imo</span> <span class='ocrx_word' id='word_1_372' title='bbox 873 2247 934 2265; x_wconf 85' lang='lat' dir='ltr'>vero</span> 
     </span>
     <span class='ocr_line' id='line_1_46' title="bbox 199 2281 933 2320; baseline -0.001 -8"><span class='ocrx_word' id='word_1_373' title='bbox 199 2284 302 2312; x_wconf 69' lang='lat' dir='ltr'>etiamsi</span> <span class='ocrx_word' id='word_1_374' title='bbox 316 2283 404 2312; x_wconf 84' lang='lat' dir='ltr'>omnia</span> <span class='ocrx_word' id='word_1_375' title='bbox 418 2282 568 2320; x_wconf 71' lang='lat' dir='ltr'>ignorares,</span> <span class='ocrx_word' id='word_1_376' title='bbox 583 2281 621 2309; x_wconf 87' lang='lat' dir='ltr'>sic</span> <span class='ocrx_word' id='word_1_377' title='bbox 640 2292 745 2319; x_wconf 86' lang='lat' dir='ltr'>quoque</span> <span class='ocrx_word' id='word_1_378' title='bbox 757 2288 888 2320; x_wconf 86' lang='lat' dir='ltr'>oporteret</span> <span class='ocrx_word' id='word_1_379' title='bbox 908 2289 933 2311; x_wconf 88' lang='lat' dir='ltr'>te</span> 
     </span>
     <span class='ocr_line' id='line_1_47' title="bbox 198 2327 930 2369; baseline -0.001 -10"><span class='ocrx_word' id='word_1_380' title='bbox 198 2331 331 2369; x_wconf 79' lang='lat' dir='ltr'>quiescere</span> <span class='ocrx_word' id='word_1_381' title='bbox 342 2353 349 2364; x_wconf 90' lang='lat'>,</span> <span class='ocrx_word' id='word_1_382' title='bbox 369 2337 397 2358; x_wconf 84' lang='lat' dir='ltr'>ut</span> <span class='ocrx_word' id='word_1_383' title='bbox 411 2339 463 2357; x_wconf 90' lang='lat' dir='ltr'>non</span> <span class='ocrx_word' id='word_1_384' title='bbox 478 2328 595 2367; x_wconf 79' lang='lat' dir='ltr'>expellas</span> <span class='ocrx_word' id='word_1_385' title='bbox 608 2338 651 2356; x_wconf 85' lang='lat' dir='ltr'>eos</span> <span class='ocrx_word' id='word_1_386' title='bbox 662 2327 707 2365; x_wconf 85' lang='lat' dir='ltr'>qui</span> <span class='ocrx_word' id='word_1_387' title='bbox 728 2327 866 2356; x_wconf 81' lang='lat' dir='ltr'>attendunt</span> <span class='ocrx_word' id='word_1_388' title='bbox 879 2341 884 2356; x_wconf 93' lang='lat'>:</span> <span class='ocrx_word' id='word_1_389' title='bbox 903 2336 930 2358; x_wconf 87' lang='lat' dir='ltr'>ut</span> 
     </span>
     <span class='ocr_line' id='line_1_48' title="bbox 197 2372 927 2414; baseline -0.005 -9"><span class='ocrx_word' id='word_1_390' title='bbox 197 2387 257 2405; x_wconf 84' lang='lat' dir='ltr'>cum</span> <span class='ocrx_word' id='word_1_391' title='bbox 271 2378 327 2405; x_wconf 88' lang='lat' dir='ltr'>Deo</span> <span class='ocrx_word' id='word_1_392' title='bbox 346 2381 483 2414; x_wconf 83' lang='lat' dir='ltr'>acceptum</span> <span class='ocrx_word' id='word_1_393' title='bbox 499 2373 578 2402; x_wconf 85' lang='lat' dir='ltr'>fuerit</span> <span class='ocrx_word' id='word_1_394' title='bbox 592 2379 668 2401; x_wconf 88' lang='lat' dir='ltr'>tuum</span> <span class='ocrx_word' id='word_1_395' title='bbox 685 2372 820 2402; x_wconf 83' lang='lat' dir='ltr'>silentium</span> <span class='ocrx_word' id='word_1_396' title='bbox 837 2380 861 2402; x_wconf 90' lang='lat' dir='ltr'>et</span> <span class='ocrx_word' id='word_1_397' title='bbox 878 2385 927 2412; x_wconf 86' lang='lat' dir='ltr'>pu-</span> 
     </span>
    </p>
   </div>
   <div class='ocr_carea' id='block_1_3' title="bbox 196 2473 943 2587">
    <p class='ocr_par' dir='ltr' id='par_1_3' title="bbox 196 2473 943 2587">
     <span class='ocr_line' id='line_1_49' title="bbox 229 2473 775 2507; baseline -0.005 -7"><span class='ocrx_word' id='word_1_398' title='bbox 229 2476 240 2486; x_wconf 83' lang='lat'>¹‘</span> <span class='ocrx_word' id='word_1_399' title='bbox 260 2477 304 2507; x_wconf 82' lang='grc' dir='ltr'>[Α.</span> <span class='ocrx_word' id='word_1_400' title='bbox 319 2477 347 2501; x_wconf 79' lang='grc' dir='ltr'>Β,</span> <span class='ocrx_word' id='word_1_401' title='bbox 361 2481 385 2498; x_wconf 72' lang='lat' dir='ltr'>et</span> <span class='ocrx_word' id='word_1_402' title='bbox 398 2482 475 2505; x_wconf 65' lang='lat' dir='ltr'>marg.</span> <span class='ocrx_word' id='word_1_403' title='bbox 489 2473 564 2498; x_wconf 74' lang='lat' dir='ltr'>Suvil.</span> <span class='ocrx_word' id='word_1_404' title='bbox 578 2475 775 2505; x_wconf 46' lang='grc' dir='ltr'>ἀπαγγέλλοντες]</span> 
     </span>
     <span class='ocr_line' id='line_1_50' title="bbox 229 2512 942 2548; baseline -0.001 -9"><span class='ocrx_word' id='word_1_405' title='bbox 229 2524 238 2534; x_wconf 68' lang='lat' dir='ltr'>n</span> <span class='ocrx_word' id='word_1_406' title='bbox 258 2514 316 2548; x_wconf 77' lang='lat' dir='ltr'>[Sic</span> <span class='ocrx_word' id='word_1_407' title='bbox 329 2516 356 2540; x_wconf 78' lang='lat' dir='ltr'>A.</span> <span class='ocrx_word' id='word_1_408' title='bbox 370 2515 396 2538; x_wconf 88' lang='grc' dir='ltr'>Β.</span> <span class='ocrx_word' id='word_1_409' title='bbox 415 2513 491 2538; x_wconf 73' lang='lat' dir='ltr'>savit.</span> <span class='ocrx_word' id='word_1_410' title='bbox 509 2519 533 2537; x_wconf 81' lang='lat' dir='ltr'>et</span> <span class='ocrx_word' id='word_1_411' title='bbox 545 2512 634 2536; x_wconf 79' lang='lat' dir='ltr'>Monts.</span> <span class='ocrx_word' id='word_1_412' title='bbox 648 2516 685 2538; x_wconf 62' lang='lat' dir='ltr'>OJA</span> <span class='ocrx_word' id='word_1_413' title='bbox 698 2515 753 2538; x_wconf 66' lang='grc' dir='ltr'>οἶῖκ.</span> <span class='ocrx_word' id='word_1_414' title='bbox 772 2514 862 2537; x_wconf 78' lang='lat' dir='ltr'>Desunt</span> <span class='ocrx_word' id='word_1_415' title='bbox 877 2513 942 2538; x_wconf 66' lang='lat' dir='ltr'>hmo.</span> 
     </span>
     <span class='ocr_line' id='line_1_51' title="bbox 196 2552 943 2587; baseline -0.005 -8"><span class='ocrx_word' id='word_1_416' title='bbox 196 2557 269 2584; x_wconf 64' lang='grc' dir='ltr'>ἑπεεῖη</span> <span class='ocrx_word' id='word_1_417' title='bbox 288 2557 383 2587; x_wconf 51' lang='lat' dir='ltr'>‘svp-‚astu</span> <span class='ocrx_word' id='word_1_418' title='bbox 387 2572 446 2578; x_wconf 85' lang='grc'><em>......</em></span> <span class='ocrx_word' id='word_1_419' title='bbox 474 2556 589 2584; x_wconf 63' lang='grc' dir='ltr'>λεγόμενα,</span> <span class='ocrx_word' id='word_1_420' title='bbox 609 2553 632 2576; x_wconf 86' lang='lat' dir='ltr'>iu</span> <span class='ocrx_word' id='word_1_421' title='bbox 645 2552 765 2578; x_wconf 77' lang='lat' dir='ltr'>Commel.</span> <span class='ocrx_word' id='word_1_422' title='bbox 781 2558 804 2576; x_wconf 82' lang='lat' dir='ltr'>et</span> <span class='ocrx_word' id='word_1_423' title='bbox 816 2552 943 2585; x_wconf 72' lang='lat' dir='ltr'>Interpr.]</span> 
     </span>
    </p>
   </div>
   <div class='ocr_carea' id='block_1_4' title="bbox 972 183 1125 205">
    <p class='ocr_par' dir='ltr' id='par_1_4' title="bbox 972 183 1125 205">
     <span class='ocr_line' id='line_1_52' title="bbox 972 183 1125 205; baseline 0.007 -2"><span class='ocrx_word' id='word_1_424' title='bbox 972 183 1125 205; x_wconf 45' lang='lat' dir='ltr'>:mettii-tp,</span> 
     </span>
    </p>
   </div>
   <div class='ocr_carea' id='block_1_5' title="bbox 1156 184 1421 206">
    <p class='ocr_par' dir='ltr' id='par_1_5' title="bbox 1156 184 1421 206">
     <span class='ocr_line' id='line_1_53' title="bbox 1156 184 1421 206; baseline 0.004 -2"><span class='ocrx_word' id='word_1_425' title='bbox 1156 184 1216 204; x_wconf 49' lang='lat'>(20³</span> <span class='ocrx_word' id='word_1_426' title='bbox 1224 184 1280 205; x_wconf 59' lang='lat' dir='ltr'>sm</span> <span class='ocrx_word' id='word_1_427' title='bbox 1288 184 1339 205; x_wconf 69' lang='lat' dir='ltr'>N&#39;l‘l</span> <span class='ocrx_word' id='word_1_428' title='bbox 1347 184 1408 206; x_wconf 64' lang='lat' dir='ltr'>NOP</span> <span class='ocrx_word' id='word_1_429' title='bbox 1415 199 1421 205; x_wconf 93' lang='lat'>.</span> 
     </span>
    </p>
   </div>
   <div class='ocr_carea' id='block_1_6' title="bbox 985 244 1753 1020">
    <p class='ocr_par' dir='ltr' id='par_1_6' title="bbox 985 244 1752 1020">
     <span class='ocr_line' id='line_1_54' title="bbox 985 244 1750 286; baseline 0.003 -13"><span class='ocrx_word' id='word_1_430' title='bbox 985 257 1012 272; x_wconf 77' lang='grc' dir='ltr'>π</span> <span class='ocrx_word' id='word_1_431' title='bbox 1008 245 1111 277; x_wconf 82' lang='grc' dir='ltr'>’ζονται.</span> <span class='ocrx_word' id='word_1_432' title='bbox 1131 244 1178 273; x_wconf 76' lang='grc' dir='ltr'>Διὸ</span> <span class='ocrx_word' id='word_1_433' title='bbox 1204 244 1235 278; x_wconf 76' lang='grc' dir='ltr'>δὴ</span> <span class='ocrx_word' id='word_1_434' title='bbox 1262 245 1371 277; x_wconf 87' lang='grc' dir='ltr'>πολλους</span> <span class='ocrx_word' id='word_1_435' title='bbox 1397 245 1441 274; x_wconf 67' lang='grc' dir='ltr'>καὶ</span> <span class='ocrx_word' id='word_1_436' title='bbox 1463 247 1573 275; x_wconf 78' lang='grc' dir='ltr'>ἐνταῦθα</span> <span class='ocrx_word' id='word_1_437' title='bbox 1600 247 1750 286; x_wconf 63' lang='grc' dir='ltr'>ἐφέλκονται</span> 
     </span>
     <span class='ocr_line' id='line_1_55' title="bbox 987 291 1751 331; baseline 0.005 -13"><span class='ocrx_word' id='word_1_438' title='bbox 987 303 1036 318; x_wconf 79' lang='grc' dir='ltr'>των</span> <span class='ocrx_word' id='word_1_439' title='bbox 1051 291 1216 319; x_wconf 76' lang='grc' dir='ltr'>ἀκολάστων·</span> <span class='ocrx_word' id='word_1_440' title='bbox 1236 302 1280 319; x_wconf 86' lang='grc' dir='ltr'>και</span> <span class='ocrx_word' id='word_1_441' title='bbox 1296 292 1326 320; x_wconf 82' lang='grc' dir='ltr'>ἄν</span> <span class='ocrx_word' id='word_1_442' title='bbox 1339 303 1367 320; x_wconf 82' lang='grc' dir='ltr'>τε</span> <span class='ocrx_word' id='word_1_443' title='bbox 1388 291 1510 331; x_wconf 77' lang='grc' dir='ltr'>πειρᾶταί</span> <span class='ocrx_word' id='word_1_444' title='bbox 1524 305 1577 327; x_wconf 86' lang='grc' dir='ltr'>τις,</span> <span class='ocrx_word' id='word_1_445' title='bbox 1593 293 1610 328; x_wconf 82' lang='grc' dir='ltr'>ἢ</span> <span class='ocrx_word' id='word_1_446' title='bbox 1627 293 1751 331; x_wconf 80' lang='grc' dir='ltr'>βούληται</span> 
     </span>
     <span class='ocr_line' id='line_1_56' title="bbox 986 336 1752 376; baseline 0.005 -13"><span class='ocrx_word' id='word_1_447' title='bbox 986 340 1096 372; x_wconf 84' lang='grc' dir='ltr'>γυναῖκα</span> <span class='ocrx_word' id='word_1_448' title='bbox 1111 336 1276 375; x_wconf 58' lang='grc' dir='ltr'>διαρθείρειν,</span> <span class='ocrx_word' id='word_1_449' title='bbox 1292 338 1373 370; x_wconf 79' lang='grc' dir='ltr'>οὐδεις</span> <span class='ocrx_word' id='word_1_450' title='bbox 1394 341 1466 376; x_wconf 80' lang='grc' dir='ltr'>οἶμαι</span> <span class='ocrx_word' id='word_1_451' title='bbox 1481 341 1527 374; x_wconf 77' lang='grc' dir='ltr'>τῆς</span> <span class='ocrx_word' id='word_1_452' title='bbox 1539 338 1678 373; x_wconf 80' lang='grc' dir='ltr'>ἐκκλησίας</span> <span class='ocrx_word' id='word_1_453' title='bbox 1690 340 1752 367; x_wconf 83' lang='grc' dir='ltr'>ἐπι-</span> 
     </span>
     <span class='ocr_line' id='line_1_57' title="bbox 987 382 1753 420; baseline 0.005 -11"><span class='ocrx_word' id='word_1_454' title='bbox 987 382 1102 416; x_wconf 80' lang='grc' dir='ltr'>τηδειότε</span> <span class='ocrx_word' id='word_1_455' title='bbox 1092 393 1146 420; x_wconf 89' lang='grc' dir='ltr'>ρος</span> <span class='ocrx_word' id='word_1_456' title='bbox 1159 383 1230 411; x_wconf 83' lang='grc' dir='ltr'>αὐτω</span> <span class='ocrx_word' id='word_1_457' title='bbox 1245 383 1323 416; x_wconf 84' lang='grc' dir='ltr'>τόπος</span> <span class='ocrx_word' id='word_1_458' title='bbox 1337 386 1401 412; x_wconf 83' lang='grc' dir='ltr'>εἶναι</span> <span class='ocrx_word' id='word_1_459' title='bbox 1416 385 1501 413; x_wconf 78' lang='grc' dir='ltr'>δοκεῖ·</span> <span class='ocrx_word' id='word_1_460' title='bbox 1513 385 1545 414; x_wconf 79' lang='grc' dir='ltr'>ἄν</span> <span class='ocrx_word' id='word_1_461' title='bbox 1559 397 1587 414; x_wconf 87' lang='grc' dir='ltr'>τε</span> <span class='ocrx_word' id='word_1_462' title='bbox 1601 385 1753 420; x_wconf 79' lang='grc' dir='ltr'>ὠνήσασθαι</span> 
     </span>
     <span class='ocr_line' id='line_1_58' title="bbox 987 413 1752 471; baseline 0.005 -16"><span class='ocrx_word' id='word_1_463' title='bbox 987 440 1013 455; x_wconf 88' lang='grc' dir='ltr'>τι</span> <span class='ocrx_word' id='word_1_464' title='bbox 1034 440 1078 456; x_wconf 87' lang='grc' dir='ltr'>και</span> <span class='ocrx_word' id='word_1_465' title='bbox 1097 413 1222 467; x_wconf 74' lang='grc' dir='ltr'>πρίασθαί</span> <span class='ocrx_word' id='word_1_466' title='bbox 1238 429 1296 467; x_wconf 79' lang='grc' dir='ltr'>δέῃ,</span> <span class='ocrx_word' id='word_1_467' title='bbox 1315 430 1413 467; x_wconf 83' lang='grc' dir='ltr'>μᾶλλον</span> <span class='ocrx_word' id='word_1_468' title='bbox 1438 433 1486 466; x_wconf 71' lang='grc' dir='ltr'>τῆς</span> <span class='ocrx_word' id='word_1_469' title='bbox 1511 433 1606 471; x_wconf 70' lang='grc' dir='ltr'>ἀγορᾶς</span> <span class='ocrx_word' id='word_1_470' title='bbox 1622 431 1752 470; x_wconf 75' lang='grc' dir='ltr'>χρήσιμος</span> 
     </span>
     <span class='ocr_line' id='line_1_59' title="bbox 987 474 1751 516; baseline 0.003 -14"><span class='ocrx_word' id='word_1_471' title='bbox 987 477 1002 509; x_wconf 82' lang='grc' dir='ltr'>ἡ</span> <span class='ocrx_word' id='word_1_472' title='bbox 1022 474 1149 509; x_wconf 76' lang='grc' dir='ltr'>ἐκκλησία</span> <span class='ocrx_word' id='word_1_473' title='bbox 1165 474 1291 514; x_wconf 77' lang='grc' dir='ltr'>φαίνεται.</span> <span class='ocrx_word' id='word_1_474' title='bbox 1308 475 1438 505; x_wconf 72' lang='grc' dir='ltr'>Ἐνταῦθα</span> <span class='ocrx_word' id='word_1_475' title='bbox 1456 477 1506 516; x_wconf 77' lang='grc' dir='ltr'>γὰρ</span> <span class='ocrx_word' id='word_1_476' title='bbox 1521 477 1564 506; x_wconf 73' lang='grc' dir='ltr'>καὶ</span> <span class='ocrx_word' id='word_1_477' title='bbox 1579 477 1638 516; x_wconf 81' lang='grc' dir='ltr'>περὶ</span> <span class='ocrx_word' id='word_1_478' title='bbox 1653 477 1751 505; x_wconf 80' lang='grc' dir='ltr'>τούτων</span> 
     </span>
     <span class='ocr_line' id='line_1_60' title="bbox 987 519 1750 562; baseline 0.007 -14"><span class='ocrx_word' id='word_1_479' title='bbox 987 519 1092 552; x_wconf 80' lang='grc' dir='ltr'>πλείους</span> <span class='ocrx_word' id='word_1_480' title='bbox 1118 520 1233 558; x_wconf 83' lang='grc' dir='ltr'>γίνονται</span> <span class='ocrx_word' id='word_1_481' title='bbox 1253 521 1371 558; x_wconf 84' lang='grc' dir='ltr'>λόγοι,ἧ</span> <span class='ocrx_word' id='word_1_482' title='bbox 1393 524 1419 550; x_wconf 81' lang='grc' dir='ltr'>ἐν</span> <span class='ocrx_word' id='word_1_483' title='bbox 1447 525 1532 555; x_wconf 74' lang='grc' dir='ltr'>αὐτοῖς</span> <span class='ocrx_word' id='word_1_484' title='bbox 1551 528 1604 555; x_wconf 80' lang='grc' dir='ltr'>τοῖς</span> <span class='ocrx_word' id='word_1_485' title='bbox 1625 525 1750 562; x_wconf 79' lang='grc' dir='ltr'>ἐργαστη-</span> 
     </span>
     <span class='ocr_line' id='line_1_61' title="bbox 989 565 1750 607; baseline 0.005 -13"><span class='ocrx_word' id='word_1_486' title='bbox 989 565 1059 606; x_wconf 67' lang='grc' dir='ltr'>ρίοις.</span> <span class='ocrx_word' id='word_1_487' title='bbox 1074 566 1117 596; x_wconf 77' lang='grc' dir='ltr'>Ἂν</span> <span class='ocrx_word' id='word_1_488' title='bbox 1132 579 1160 596; x_wconf 87' lang='grc' dir='ltr'>τε</span> <span class='ocrx_word' id='word_1_489' title='bbox 1175 570 1262 600; x_wconf 77' lang='grc' dir='ltr'>κακῶς</span> <span class='ocrx_word' id='word_1_490' title='bbox 1273 570 1353 598; x_wconf 84' lang='grc' dir='ltr'>εἰπεῖν</span> <span class='ocrx_word' id='word_1_491' title='bbox 1366 569 1411 597; x_wconf 77' lang='grc' dir='ltr'>καὶ</span> <span class='ocrx_word' id='word_1_492' title='bbox 1429 570 1538 598; x_wconf 74' lang='grc' dir='ltr'>ἀκοῦσαι</span> <span class='ocrx_word' id='word_1_493' title='bbox 1553 569 1697 607; x_wconf 85' lang='grc' dir='ltr'>βούλωνταί</span> <span class='ocrx_word' id='word_1_494' title='bbox 1707 581 1750 598; x_wconf 88' lang='grc' dir='ltr'>τι-</span> 
     </span>
     <span class='ocr_line' id='line_1_62' title="bbox 985 613 1749 654; baseline 0.004 -14"><span class='ocrx_word' id='word_1_495' title='bbox 985 625 1040 648; x_wconf 87' lang='grc' dir='ltr'>νες,</span> <span class='ocrx_word' id='word_1_496' title='bbox 1056 613 1100 641; x_wconf 78' lang='grc' dir='ltr'>καὶ</span> <span class='ocrx_word' id='word_1_497' title='bbox 1118 617 1192 642; x_wconf 76' lang='grc' dir='ltr'>τοῦτο</span> <span class='ocrx_word' id='word_1_498' title='bbox 1205 615 1262 653; x_wconf 69' lang='grc' dir='ltr'>ὄψει</span> <span class='ocrx_word' id='word_1_499' title='bbox 1277 617 1386 644; x_wconf 76' lang='grc' dir='ltr'>ἐνταῦθα</span> <span class='ocrx_word' id='word_1_500' title='bbox 1405 614 1543 653; x_wconf 78' lang='grc' dir='ltr'>μᾶλλον,ἢ</span> <span class='ocrx_word' id='word_1_501' title='bbox 1566 615 1609 643; x_wconf 78' lang='grc' dir='ltr'>ἐπὶ</span> <span class='ocrx_word' id='word_1_502' title='bbox 1630 618 1676 650; x_wconf 62' lang='grc' dir='ltr'>τῆς</span> <span class='ocrx_word' id='word_1_503' title='bbox 1690 618 1749 654; x_wconf 76' lang='grc' dir='ltr'>ἀγο-</span> 
     </span>
     <span class='ocr_line' id='line_1_63' title="bbox 987 659 1751 701; baseline 0.003 -14"><span class='ocrx_word' id='word_1_504' title='bbox 987 664 1031 698; x_wconf 71' lang='grc' dir='ltr'>ρᾶς</span> <span class='ocrx_word' id='word_1_505' title='bbox 1045 659 1092 693; x_wconf 80' lang='grc' dir='ltr'>ἔξω</span> <span class='ocrx_word' id='word_1_506' title='bbox 1114 660 1270 698; x_wconf 61' lang='grc' dir='ltr'>συμὲαῐνον·</span> <span class='ocrx_word' id='word_1_507' title='bbox 1282 661 1330 689; x_wconf 77' lang='grc' dir='ltr'>κᾶν</span> <span class='ocrx_word' id='word_1_508' title='bbox 1353 664 1404 690; x_wconf 79' lang='grc' dir='ltr'>τῶν</span> <span class='ocrx_word' id='word_1_509' title='bbox 1427 663 1567 690; x_wconf 77' lang='grc' dir='ltr'>πολιτικῶν</span> <span class='ocrx_word' id='word_1_510' title='bbox 1582 673 1607 689; x_wconf 79' lang='grc' dir='ltr'>τι</span> <span class='ocrx_word' id='word_1_511' title='bbox 1623 663 1751 701; x_wconf 76' lang='grc' dir='ltr'>βουληθῇς</span> 
     </span>
     <span class='ocr_line' id='line_1_64' title="bbox 986 707 1751 745; baseline 0.003 -12"><span class='ocrx_word' id='word_1_512' title='bbox 986 707 1095 734; x_wconf 74' lang='grc' dir='ltr'>ἀκοῦσαι</span> <span class='ocrx_word' id='word_1_513' title='bbox 1108 707 1280 745; x_wconf 71' lang='grc' dir='ltr'>πραγμάτων,</span> <span class='ocrx_word' id='word_1_514' title='bbox 1296 707 1344 736; x_wconf 83' lang='grc' dir='ltr'>κᾶν</span> <span class='ocrx_word' id='word_1_515' title='bbox 1362 710 1413 736; x_wconf 76' lang='grc' dir='ltr'>τῶν</span> <span class='ocrx_word' id='word_1_516' title='bbox 1429 709 1454 736; x_wconf 85' lang='grc' dir='ltr'>ἐν</span> <span class='ocrx_word' id='word_1_517' title='bbox 1471 708 1576 743; x_wconf 85' lang='grc' dir='ltr'>οἰκίαις,</span> <span class='ocrx_word' id='word_1_518' title='bbox 1588 707 1635 736; x_wconf 77' lang='grc' dir='ltr'>κᾶν</span> <span class='ocrx_word' id='word_1_519' title='bbox 1659 709 1709 736; x_wconf 78' lang='grc' dir='ltr'>τῶν</span> <span class='ocrx_word' id='word_1_520' title='bbox 1725 709 1751 735; x_wconf 82' lang='grc' dir='ltr'>ἐν</span> 
     </span>
     <span class='ocr_line' id='line_1_65' title="bbox 987 752 1752 793; baseline 0.004 -14"><span class='ocrx_word' id='word_1_521' title='bbox 987 752 1168 791; x_wconf 72' lang='grc' dir='ltr'>στρατοπέδῳ,</span> <span class='ocrx_word' id='word_1_522' title='bbox 1184 752 1220 790; x_wconf 79' lang='grc' dir='ltr'>μὴ</span> <span class='ocrx_word' id='word_1_523' title='bbox 1237 752 1345 792; x_wconf 73' lang='grc' dir='ltr'>βαδίσῃς</span> <span class='ocrx_word' id='word_1_524' title='bbox 1363 756 1398 786; x_wconf 84' lang='grc' dir='ltr'>εἰς</span> <span class='ocrx_word' id='word_1_525' title='bbox 1411 753 1586 793; x_wconf 83' lang='grc' dir='ltr'>δικαστήριον,</span> <span class='ocrx_word' id='word_1_526' title='bbox 1601 752 1667 791; x_wconf 80' lang='grc' dir='ltr'>μηδὲ</span> <span class='ocrx_word' id='word_1_527' title='bbox 1679 753 1752 782; x_wconf 84' lang='grc' dir='ltr'>καθί-</span> 
     </span>
     <span class='ocr_line' id='line_1_66' title="bbox 987 799 1751 840; baseline 0.001 -14"><span class='ocrx_word' id='word_1_528' title='bbox 987 810 1034 836; x_wconf 81' lang='grc' dir='ltr'>σῃς</span> <span class='ocrx_word' id='word_1_529' title='bbox 1049 800 1074 827; x_wconf 80' lang='grc' dir='ltr'>ἐν</span> <span class='ocrx_word' id='word_1_530' title='bbox 1090 799 1209 838; x_wconf 82' lang='grc' dir='ltr'>ἰατρείῳ·</span> <span class='ocrx_word' id='word_1_531' title='bbox 1225 799 1274 828; x_wconf 77' lang='grc' dir='ltr'>εἰσὶ</span> <span class='ocrx_word' id='word_1_532' title='bbox 1295 800 1346 840; x_wconf 83' lang='grc' dir='ltr'>γὰρ</span> <span class='ocrx_word' id='word_1_533' title='bbox 1369 802 1495 836; x_wconf 70' lang='grc' dir='ltr'>ἐνταῦθα,</span> <span class='ocrx_word' id='word_1_534' title='bbox 1515 800 1578 828; x_wconf 78' lang='grc' dir='ltr'>εἰσὶν</span> <span class='ocrx_word' id='word_1_535' title='bbox 1602 802 1625 829; x_wconf 83' lang='grc' dir='ltr'>οἱ</span> <span class='ocrx_word' id='word_1_536' title='bbox 1646 800 1751 828; x_wconf 85' lang='grc' dir='ltr'>πάντων</span> 
     </span>
     <span class='ocr_line' id='line_1_67' title="bbox 987 843 1752 883; baseline 0.003 -12"><span class='ocrx_word' id='word_1_537' title='bbox 987 843 1169 882; x_wconf 69' lang='grc' dir='ltr'>ἀκριῧέστερον</span> <span class='ocrx_word' id='word_1_538' title='bbox 1198 847 1280 872; x_wconf 71' lang='grc' dir='ltr'>ταῦτα</span> <span class='ocrx_word' id='word_1_539' title='bbox 1308 844 1411 873; x_wconf 81' lang='grc' dir='ltr'>ἅπαντα</span> <span class='ocrx_word' id='word_1_540' title='bbox 1440 844 1680 883; x_wconf 57' lang='grc' dir='ltr'>*καταγγέλλοντες</span> <span class='ocrx_word' id='word_1_541' title='bbox 1707 845 1752 873; x_wconf 77' lang='grc' dir='ltr'>καὶ</span> 
     </span>
     <span class='ocr_line' id='line_1_68' title="bbox 986 889 1752 930; baseline 0.003 -13"><span class='ocrx_word' id='word_1_542' title='bbox 986 889 1073 917; x_wconf 82' lang='grc' dir='ltr'>πάντα</span> <span class='ocrx_word' id='word_1_543' title='bbox 1089 889 1188 927; x_wconf 81' lang='grc' dir='ltr'>μᾶλλόν</span> <span class='ocrx_word' id='word_1_544' title='bbox 1204 891 1258 919; x_wconf 78' lang='grc' dir='ltr'>ἐστι</span> <span class='ocrx_word' id='word_1_545' title='bbox 1280 889 1313 919; x_wconf 77' lang='grc' dir='ltr'>τὰ</span> <span class='ocrx_word' id='word_1_546' title='bbox 1334 892 1458 926; x_wconf 75' lang='grc' dir='ltr'>ἐνταῦθα,</span> <span class='ocrx_word' id='word_1_547' title='bbox 1476 890 1493 924; x_wconf 83' lang='grc' dir='ltr'>ἢ</span> <span class='ocrx_word' id='word_1_548' title='bbox 1514 890 1650 925; x_wconf 81' lang='grc' dir='ltr'>ἐκκλησία.</span> <span class='ocrx_word' id='word_1_549' title='bbox 1672 891 1752 930; x_wconf 77' lang='grc' dir='ltr'>Τάχα</span> 
     </span>
     <span class='ocr_line' id='line_1_69' title="bbox 1666 935 1752 966; baseline -0.012 0"><span class='ocrx_word' id='word_1_550' title='bbox 1666 935 1752 966; x_wconf 60' lang='grc' dir='ltr'>’Όταν</span> 
     </span>
     <span class='ocr_line' id='line_1_70' title="bbox 985 981 1751 1020; baseline 0 -10"><span class='ocrx_word' id='word_1_551' title='bbox 985 981 1036 1020; x_wconf 80' lang='grc' dir='ltr'>γὰρ</span> <span class='ocrx_word' id='word_1_552' title='bbox 1049 987 1102 1015; x_wconf 89' lang='grc' dir='ltr'>τοῖς</span> <span class='ocrx_word' id='word_1_553' title='bbox 1114 985 1198 1015; x_wconf 81' lang='grc' dir='ltr'>αὐτοῖς</span> <span class='ocrx_word' id='word_1_554' title='bbox 1218 982 1370 1020; x_wconf 80' lang='grc' dir='ltr'>ἐπιμένητε,</span> <span class='ocrx_word' id='word_1_555' title='bbox 1386 983 1462 1011; x_wconf 85' lang='grc' dir='ltr'>πόθεν</span> <span class='ocrx_word' id='word_1_556' title='bbox 1477 983 1598 1019; x_wconf 85' lang='grc' dir='ltr'>εἴσομαι,</span> <span class='ocrx_word' id='word_1_557' title='bbox 1620 983 1659 1012; x_wconf 76' lang='grc' dir='ltr'>ὅτι</span> <span class='ocrx_word' id='word_1_558' title='bbox 1678 984 1751 1011; x_wconf 70' lang='grc' dir='ltr'>κοιθιῖΑ</span> 
     </span>
    </p>
   </div>
   <div class='ocr_carea' id='block_1_7' title="bbox 984 932 1754 2360">
    <p class='ocr_par' dir='ltr' id='par_1_7' title="bbox 984 932 1754 2360">
     <span class='ocr_line' id='line_1_71' title="bbox 987 932 1644 976; baseline 0.003 -13"><span class='ocrx_word' id='word_1_559' title='bbox 987 935 1084 974; x_wconf 72' lang='grc' dir='ltr'>σφόδρα</span> <span class='ocrx_word' id='word_1_560' title='bbox 1107 936 1267 975; x_wconf 70' lang='grc' dir='ltr'>καθηψάμην</span> <span class='ocrx_word' id='word_1_561' title='bbox 1281 938 1368 974; x_wconf 74' lang='grc' dir='ltr'>ὓμῶν’</span> <span class='ocrx_word' id='word_1_562' title='bbox 1394 938 1439 965; x_wconf 81' lang='grc' dir='ltr'>οὐκ</span> <span class='ocrx_word' id='word_1_563' title='bbox 1459 936 1540 976; x_wconf 82' lang='grc' dir='ltr'>ἔγωγε</span> <span class='ocrx_word' id='word_1_564' title='bbox 1562 932 1644 975; x_wconf 64' lang='grc' dir='ltr'>οἶμαι.</span> 
     </span>
     <span class='ocr_line' id='line_1_72' title="bbox 985 1029 1753 1068; baseline 0.001 -12"><span class='ocrx_word' id='word_1_565' title='bbox 985 1040 1044 1057; x_wconf 85' lang='grc' dir='ltr'>κετο</span> <span class='ocrx_word' id='word_1_566' title='bbox 1058 1030 1130 1067; x_wconf 78' lang='grc' dir='ltr'>ὑμῶν</span> <span class='ocrx_word' id='word_1_567' title='bbox 1143 1029 1175 1058; x_wconf 81' lang='grc' dir='ltr'>τὰ</span> <span class='ocrx_word' id='word_1_568' title='bbox 1188 1029 1311 1068; x_wconf 74' lang='grc' dir='ltr'>εἰρημένα</span> <span class='ocrx_word' id='word_1_569' title='bbox 1321 1041 1328 1065; x_wconf 82' lang='grc'><strong>;</strong></span> <span class='ocrx_word' id='word_1_570' title='bbox 1339 1030 1440 1057; x_wconf 74' lang='grc' dir='ltr'>Οὐκοῦν</span> <span class='ocrx_word' id='word_1_571' title='bbox 1452 1031 1501 1057; x_wconf 81' lang='grc' dir='ltr'>τῶν</span> <span class='ocrx_word' id='word_1_572' title='bbox 1519 1031 1601 1057; x_wconf 77' lang='grc' dir='ltr'>αὐτῶν</span> <span class='ocrx_word' id='word_1_573' title='bbox 1612 1032 1753 1068; x_wconf 86' lang='grc' dir='ltr'>ἀναγκαῖον</span> 
     </span>
     <span class='ocr_line' id='line_1_73' title="bbox 985 1071 1753 1116; baseline 0 -12"><span class='ocrx_word' id='word_1_574' title='bbox 985 1076 1101 1114; x_wconf 75' lang='grc' dir='ltr'>ἅψασθαι</span> <span class='ocrx_word' id='word_1_575' title='bbox 1121 1076 1210 1104; x_wconf 87' lang='grc' dir='ltr'>πάλιν.</span> <span class='ocrx_word' id='word_1_576' title='bbox 1232 1077 1324 1104; x_wconf 74' lang='grc' dir='ltr'>Ταῦτα</span> <span class='ocrx_word' id='word_1_577' title='bbox 1339 1071 1381 1104; x_wconf 66' lang='grc' dir='ltr'>οἶν</span> <span class='ocrx_word' id='word_1_578' title='bbox 1404 1075 1516 1111; x_wconf 76' lang='grc' dir='ltr'>ἀνεκτά“,</span> <span class='ocrx_word' id='word_1_579' title='bbox 1529 1079 1612 1104; x_wconf 75' lang='grc' dir='ltr'>ταῦτα</span> <span class='ocrx_word' id='word_1_580' title='bbox 1637 1076 1753 1116; x_wconf 77' lang='grc' dir='ltr'>φορητοί;</span> 
     </span>
     <span class='ocr_line' id='line_1_74' title="bbox 985 1121 1752 1160; baseline -0.001 -10"><span class='ocrx_word' id='word_1_581' title='bbox 985 1121 1142 1160; x_wconf 73' lang='grc' dir='ltr'>Κοπτόμεθα</span> <span class='ocrx_word' id='word_1_582' title='bbox 1153 1123 1211 1150; x_wconf 77' lang='grc' dir='ltr'>καθ’</span> <span class='ocrx_word' id='word_1_583' title='bbox 1223 1121 1334 1156; x_wconf 79' lang='grc' dir='ltr'>ἑκάστην</span> <span class='ocrx_word' id='word_1_584' title='bbox 1346 1122 1446 1160; x_wconf 67' lang='grc' dir='ltr'>’ἡμέραν</span> <span class='ocrx_word' id='word_1_585' title='bbox 1458 1122 1503 1149; x_wconf 78' lang='grc' dir='ltr'>καὶ</span> <span class='ocrx_word' id='word_1_586' title='bbox 1513 1122 1684 1160; x_wconf 78' lang='grc' dir='ltr'>διασπώμεθα</span> <span class='ocrx_word' id='word_1_587' title='bbox 1693 1145 1701 1158; x_wconf 86' lang='grc'>,</span> <span class='ocrx_word' id='word_1_588' title='bbox 1710 1121 1752 1150; x_wconf 77' lang='grc' dir='ltr'>ἵνα</span> 
     </span>
     <span class='ocr_line' id='line_1_75' title="bbox 985 1167 1753 1207; baseline 0 -11"><span class='ocrx_word' id='word_1_589' title='bbox 985 1180 1009 1196; x_wconf 91' lang='grc' dir='ltr'>τι</span> <span class='ocrx_word' id='word_1_590' title='bbox 1023 1168 1155 1207; x_wconf 79' lang='grc' dir='ltr'>χρήσιμον</span> <span class='ocrx_word' id='word_1_591' title='bbox 1171 1167 1295 1205; x_wconf 74' lang='grc' dir='ltr'>μαθόντες</span> <span class='ocrx_word' id='word_1_592' title='bbox 1317 1168 1446 1203; x_wconf 76' lang='grc' dir='ltr'>ἀπέλθητε</span> <span class='ocrx_word' id='word_1_593' title='bbox 1457 1180 1462 1185; x_wconf 92' lang='grc'>·</span> <span class='ocrx_word' id='word_1_594' title='bbox 1478 1168 1522 1196; x_wconf 83' lang='grc' dir='ltr'>καὶ</span> <span class='ocrx_word' id='word_1_595' title='bbox 1537 1168 1618 1200; x_wconf 80' lang='grc' dir='ltr'>οὐδεὶς</span> <span class='ocrx_word' id='word_1_596' title='bbox 1632 1170 1704 1206; x_wconf 81' lang='grc' dir='ltr'>ὑμῶν</span> <span class='ocrx_word' id='word_1_597' title='bbox 1727 1179 1753 1196; x_wconf 84' lang='grc' dir='ltr'>τι</span> 
     </span>
     <span class='ocr_line' id='line_1_76' title="bbox 985 1214 1751 1253; baseline 0 -11"><span class='ocrx_word' id='word_1_598' title='bbox 985 1214 1110 1253; x_wconf 67' lang='grc' dir='ltr'>κερδάνας</span> <span class='ocrx_word' id='word_1_599' title='bbox 1125 1214 1239 1248; x_wconf 72' lang='grc' dir='ltr'>ἄπεισιν,</span> <span class='ocrx_word' id='word_1_600' title='bbox 1255 1214 1323 1243; x_wconf 73' lang='grc' dir='ltr'>ἀλλὰ</span> <span class='ocrx_word' id='word_1_601' title='bbox 1344 1214 1388 1243; x_wconf 68' lang='grc' dir='ltr'>καὶ</span> <span class='ocrx_word' id='word_1_602' title='bbox 1414 1214 1518 1253; x_wconf 70' lang='grc' dir='ltr'>βλαὸεὶς</span> <span class='ocrx_word' id='word_1_603' title='bbox 1540 1214 1671 1252; x_wconf 82' lang='grc' dir='ltr'>μειζόνως.</span> <span class='ocrx_word' id='word_1_604' title='bbox 1697 1214 1751 1243; x_wconf 76' lang='grc' dir='ltr'>Καὶ</span> 
     </span>
     <span class='ocr_line' id='line_1_77' title="bbox 984 1260 1752 1300; baseline 0 -11"><span class='ocrx_word' id='word_1_605' title='bbox 984 1260 1034 1300; x_wconf 70' lang='grc' dir='ltr'>γὰρ</span> <span class='ocrx_word' id='word_1_606' title='bbox 1049 1264 1084 1293; x_wconf 80' lang='grc' dir='ltr'>εἰς</span> <span class='ocrx_word' id='word_1_607' title='bbox 1097 1261 1180 1300; x_wconf 83' lang='grc' dir='ltr'>κρίμα</span> <span class='ocrx_word' id='word_1_608' title='bbox 1195 1260 1349 1300; x_wconf 74' lang='grc' dir='ltr'>συνέρχεσθε</span> <span class='ocrx_word' id='word_1_609' title='bbox 1362 1260 1492 1300; x_wconf 68' lang='grc' dir='ltr'>πρόφασιν</span> <span class='ocrx_word' id='word_1_610' title='bbox 1513 1261 1599 1289; x_wconf 76' lang='grc' dir='ltr'>οὐκέτι</span> <span class='ocrx_word' id='word_1_611' title='bbox 1621 1261 1682 1300; x_wconf 76' lang='grc' dir='ltr'>περὶ</span> <span class='ocrx_word' id='word_1_612' title='bbox 1704 1263 1752 1296; x_wconf 74' lang='grc' dir='ltr'>τῆς</span> 
     </span>
     <span class='ocr_line' id='line_1_78' title="bbox 984 1306 1751 1346; baseline -0.001 -11"><span class='ocrx_word' id='word_1_613' title='bbox 984 1307 1113 1345; x_wconf 84' lang='grc' dir='ltr'>ἁμαρτίας</span> <span class='ocrx_word' id='word_1_614' title='bbox 1125 1307 1226 1346; x_wconf 71' lang='grc' dir='ltr'>ἔχοντες</span> <span class='ocrx_word' id='word_1_615' title='bbox 1235 1330 1242 1342; x_wconf 88' lang='grc'>,</span> <span class='ocrx_word' id='word_1_616' title='bbox 1256 1307 1300 1336; x_wconf 87' lang='grc' dir='ltr'>καὶ</span> <span class='ocrx_word' id='word_1_617' title='bbox 1312 1306 1372 1340; x_wconf 73' lang='grc' dir='ltr'>τοὺς</span> <span class='ocrx_word' id='word_1_618' title='bbox 1384 1307 1590 1346; x_wconf 78' lang='grc' dir='ltr'>ἐπιεικεστέρους</span> <span class='ocrx_word' id='word_1_619' title='bbox 1599 1306 1734 1345; x_wconf 75' lang='grc' dir='ltr'>ἐκκρούετε</span> <span class='ocrx_word' id='word_1_620' title='bbox 1743 1328 1751 1340; x_wconf 89' lang='grc'>,</span> 
     </span>
     <span class='ocr_line' id='line_1_79' title="bbox 984 1352 1752 1393; baseline -0.001 -11"><span class='ocrx_word' id='word_1_621' title='bbox 984 1357 1040 1385; x_wconf 84' lang='grc' dir='ltr'>ταῖς</span> <span class='ocrx_word' id='word_1_622' title='bbox 1050 1353 1186 1393; x_wconf 75' lang='grc' dir='ltr'>ὑμετέραις</span> <span class='ocrx_word' id='word_1_623' title='bbox 1198 1353 1332 1392; x_wconf 66' lang='grc' dir='ltr'>φλυαρίαις</span> <span class='ocrx_word' id='word_1_624' title='bbox 1345 1355 1508 1392; x_wconf 70' lang='grc' dir='ltr'>ἐνοχλοῦντες</span> <span class='ocrx_word' id='word_1_625' title='bbox 1522 1353 1659 1381; x_wconf 80' lang='grc' dir='ltr'>πάντοθεν.</span> <span class='ocrx_word' id='word_1_626' title='bbox 1674 1352 1752 1381; x_wconf 78' lang='grc' dir='ltr'>Ἀλλὰ</span> 
     </span>
     <span class='ocr_line' id='line_1_80' title="bbox 984 1399 1753 1437; baseline -0.003 -9"><span class='ocrx_word' id='word_1_627' title='bbox 984 1400 1022 1431; x_wconf 85' lang='grc' dir='ltr'>τίς</span> <span class='ocrx_word' id='word_1_628' title='bbox 1036 1402 1049 1428; x_wconf 84' lang='grc' dir='ltr'>ὁ</span> <span class='ocrx_word' id='word_1_629' title='bbox 1069 1402 1120 1428; x_wconf 80' lang='grc' dir='ltr'>τῶν</span> <span class='ocrx_word' id='word_1_630' title='bbox 1141 1401 1245 1428; x_wconf 77' lang='grc' dir='ltr'>πολλῶν</span> <span class='ocrx_word' id='word_1_631' title='bbox 1259 1400 1348 1437; x_wconf 68' lang='grc' dir='ltr'>λόγοςς</span> <span class='ocrx_word' id='word_1_632' title='bbox 1364 1401 1423 1428; x_wconf 80' lang='grc' dir='ltr'>Οὐκ</span> <span class='ocrx_word' id='word_1_633' title='bbox 1443 1399 1528 1428; x_wconf 79' lang='grc' dir='ltr'>ἀκούω</span> <span class='ocrx_word' id='word_1_634' title='bbox 1548 1401 1600 1427; x_wconf 85' lang='grc' dir='ltr'>τῶν</span> <span class='ocrx_word' id='word_1_635' title='bbox 1626 1400 1753 1437; x_wconf 81' lang='grc' dir='ltr'>ἀναγινω-</span> 
     </span>
     <span class='ocr_line' id='line_1_81' title="bbox 985 1441 1751 1485; baseline -0.001 -11"><span class='ocrx_word' id='word_1_636' title='bbox 985 1446 1128 1484; x_wconf 77' lang='grc' dir='ltr'>σκομένων,</span> <span class='ocrx_word' id='word_1_637' title='bbox 1142 1446 1230 1485; x_wconf 82' lang='grc' dir='ltr'>φησὶν,</span> <span class='ocrx_word' id='word_1_638' title='bbox 1252 1445 1310 1475; x_wconf 78' lang='grc' dir='ltr'>οὐδὲ</span> <span class='ocrx_word' id='word_1_639' title='bbox 1330 1441 1387 1474; x_wconf 68' lang='grc' dir='ltr'>οἰδα</span> <span class='ocrx_word' id='word_1_640' title='bbox 1400 1445 1459 1474; x_wconf 81' lang='grc' dir='ltr'>τίνα</span> <span class='ocrx_word' id='word_1_641' title='bbox 1483 1446 1538 1474; x_wconf 77' lang='grc' dir='ltr'>ἐστὶ</span> <span class='ocrx_word' id='word_1_642' title='bbox 1557 1445 1590 1474; x_wconf 77' lang='grc' dir='ltr'>τὰ</span> <span class='ocrx_word' id='word_1_643' title='bbox 1611 1445 1751 1484; x_wconf 83' lang='grc' dir='ltr'>λεγόμενα.</span> 
     </span>
     <span class='ocr_line' id='line_1_82' title="bbox 987 1490 1753 1532; baseline -0.003 -11.979"><span class='ocrx_word' id='word_1_644' title='bbox 987 1492 1095 1527; x_wconf 76' lang='grc' dir='ltr'>Επειδὴ</span> <span class='ocrx_word' id='word_1_645' title='bbox 1122 1492 1213 1532; x_wconf 67' lang='grc' dir='ltr'>θορυὲε</span> <span class='ocrx_word' id='word_1_646' title='bbox 1215 1497 1251 1527; x_wconf 84' lang='grc' dir='ltr'>ῖς,</span> <span class='ocrx_word' id='word_1_647' title='bbox 1274 1492 1364 1527; x_wconf 78' lang='grc' dir='ltr'>ἐπειδὴ</span> <span class='ocrx_word' id='word_1_648' title='bbox 1389 1492 1543 1530; x_wconf 79' lang='grc' dir='ltr'>ταράσσεις,</span> <span class='ocrx_word' id='word_1_649' title='bbox 1567 1492 1656 1526; x_wconf 79' lang='grc' dir='ltr'>ἐπειδὴ</span> <span class='ocrx_word' id='word_1_650' title='bbox 1687 1490 1753 1529; x_wconf 85' lang='grc' dir='ltr'>μετα</span> 
     </span>
     <span class='ocr_line' id='line_1_83' title="bbox 986 1537 1754 1577; baseline -0.001 -11.995"><span class='ocrx_word' id='word_1_651' title='bbox 986 1540 1072 1576; x_wconf 73' lang='grc' dir='ltr'>ψυχῆς</span> <span class='ocrx_word' id='word_1_652' title='bbox 1084 1538 1245 1567; x_wconf 70' lang='grc' dir='ltr'>ευλάὸειαν</span> <span class='ocrx_word' id='word_1_653' title='bbox 1235 1537 1344 1577; x_wconf 73' lang='grc' dir='ltr'>εγούσης</span> <span class='ocrx_word' id='word_1_654' title='bbox 1366 1539 1395 1566; x_wconf 71' lang='grc' dir='ltr'>οὗ</span> <span class='ocrx_word' id='word_1_655' title='bbox 1414 1549 1485 1576; x_wconf 83' lang='grc' dir='ltr'>παρα</span> <span class='ocrx_word' id='word_1_656' title='bbox 1487 1537 1555 1576; x_wconf 83' lang='grc' dir='ltr'>γίνῃ</span> <span class='ocrx_word' id='word_1_657' title='bbox 1567 1537 1603 1566; x_wconf 88' lang='grc' dir='ltr'>Τί</span> <span class='ocrx_word' id='word_1_658' title='bbox 1617 1549 1680 1576; x_wconf 69' lang='grc' dir='ltr'>φης;</span> <span class='ocrx_word' id='word_1_659' title='bbox 1691 1537 1754 1565; x_wconf 68' lang='grc' dir='ltr'>3ουκ</span> 
     </span>
     <span class='ocr_line' id='line_1_84' title="bbox 986 1582 1754 1622; baseline -0.003 -10"><span class='ocrx_word' id='word_1_660' title='bbox 986 1584 1057 1615; x_wconf 78' lang='grc' dir='ltr'>οἶδας</span> <span class='ocrx_word' id='word_1_661' title='bbox 1070 1583 1128 1612; x_wconf 82' lang='grc' dir='ltr'>τίνα</span> <span class='ocrx_word' id='word_1_662' title='bbox 1143 1583 1198 1612; x_wconf 76' lang='grc' dir='ltr'>ἐστὶ</span> <span class='ocrx_word' id='word_1_663' title='bbox 1212 1583 1245 1612; x_wconf 80' lang='grc' dir='ltr'>τὰ</span> <span class='ocrx_word' id='word_1_664' title='bbox 1260 1583 1405 1622; x_wconf 73' lang='grc' dir='ltr'>λεγόμενα;</span> <span class='ocrx_word' id='word_1_665' title='bbox 1421 1584 1463 1611; x_wconf 90' lang='grc' dir='ltr'>Δι</span> <span class='ocrx_word' id='word_1_666' title='bbox 1479 1583 1542 1612; x_wconf 79' lang='grc' dir='ltr'>αὐτὸ</span> <span class='ocrx_word' id='word_1_667' title='bbox 1557 1582 1603 1621; x_wconf 80' lang='grc' dir='ltr'>μὲν</span> <span class='ocrx_word' id='word_1_668' title='bbox 1624 1585 1667 1611; x_wconf 82' lang='grc' dir='ltr'>οὖν</span> <span class='ocrx_word' id='word_1_669' title='bbox 1678 1585 1754 1612; x_wconf 84' lang='grc' dir='ltr'>τοῦτο</span> 
     </span>
     <span class='ocr_line' id='line_1_85' title="bbox 987 1629 1753 1669; baseline -0.001 -11"><span class='ocrx_word' id='word_1_670' title='bbox 987 1642 1125 1669; x_wconf 76' lang='grc' dir='ltr'>προσεχειν</span> <span class='ocrx_word' id='word_1_671' title='bbox 1145 1631 1235 1669; x_wconf 76' lang='grc' dir='ltr'>ἐχρην.</span> <span class='ocrx_word' id='word_1_672' title='bbox 1250 1631 1312 1658; x_wconf 84' lang='grc' dir='ltr'>Εἰ</span> <span class='ocrx_word' id='word_1_673' title='bbox 1299 1629 1324 1658; x_wconf 79' lang='grc' dir='ltr'>οε</span> <span class='ocrx_word' id='word_1_674' title='bbox 1337 1629 1394 1658; x_wconf 68' lang='grc' dir='ltr'>οὖΡὲ</span> <span class='ocrx_word' id='word_1_675' title='bbox 1413 1630 1442 1658; x_wconf 86' lang='grc' dir='ltr'>τὸ</span> <span class='ocrx_word' id='word_1_676' title='bbox 1454 1629 1552 1669; x_wconf 69' lang='grc' dir='ltr'>ἀσαοες</span> <span class='ocrx_word' id='word_1_677' title='bbox 1566 1629 1685 1668; x_wconf 80' lang='grc' dir='ltr'>διεγείρει</span> <span class='ocrx_word' id='word_1_678' title='bbox 1707 1641 1753 1658; x_wconf 84' lang='grc' dir='ltr'>σου</span> 
     </span>
     <span class='ocr_line' id='line_1_86' title="bbox 987 1671 1753 1716; baseline 0 -12"><span class='ocrx_word' id='word_1_679' title='bbox 987 1676 1034 1711; x_wconf 83' lang='grc' dir='ltr'>τὴν</span> <span class='ocrx_word' id='word_1_680' title='bbox 1049 1676 1145 1715; x_wconf 76' lang='grc' dir='ltr'>ψυχὴν,</span> <span class='ocrx_word' id='word_1_681' title='bbox 1159 1677 1250 1715; x_wconf 77' lang='grc' dir='ltr'>πολλῷ</span> <span class='ocrx_word' id='word_1_682' title='bbox 1272 1676 1380 1714; x_wconf 75' lang='grc' dir='ltr'>μᾶλλον,</span> <span class='ocrx_word' id='word_1_683' title='bbox 1396 1677 1417 1704; x_wconf 84' lang='grc' dir='ltr'>εἰ</span> <span class='ocrx_word' id='word_1_684' title='bbox 1431 1678 1502 1715; x_wconf 69' lang='grc' dir='ltr'>σαιρῆ</span> <span class='ocrx_word' id='word_1_685' title='bbox 1521 1671 1562 1713; x_wconf 62' lang='grc' dir='ltr'>ἦν,</span> <span class='ocrx_word' id='word_1_686' title='bbox 1579 1675 1753 1716; x_wconf 81' lang='grc' dir='ltr'>παρέδραμες.</span> 
     </span>
     <span class='ocr_line' id='line_1_87' title="bbox 988 1721 1754 1762; baseline -0.001 -11"><span class='ocrx_word' id='word_1_687' title='bbox 988 1722 1039 1751; x_wconf 82' lang='grc' dir='ltr'>Διὰ</span> <span class='ocrx_word' id='word_1_688' title='bbox 1050 1723 1101 1761; x_wconf 77' lang='grc' dir='ltr'>γὰρ</span> <span class='ocrx_word' id='word_1_689' title='bbox 1112 1734 1186 1751; x_wconf 80' lang='grc' dir='ltr'>τουτο</span> <span class='ocrx_word' id='word_1_690' title='bbox 1199 1721 1258 1751; x_wconf 84' lang='grc' dir='ltr'>οὔτε</span> <span class='ocrx_word' id='word_1_691' title='bbox 1277 1723 1346 1761; x_wconf 71' lang='grc' dir='ltr'>σαφῆ</span> <span class='ocrx_word' id='word_1_692' title='bbox 1367 1722 1455 1750; x_wconf 80' lang='grc' dir='ltr'>πάντα</span> <span class='ocrx_word' id='word_1_693' title='bbox 1471 1722 1550 1758; x_wconf 84' lang='grc' dir='ltr'>ἐστὶν,</span> <span class='ocrx_word' id='word_1_694' title='bbox 1570 1721 1612 1750; x_wconf 81' lang='grc' dir='ltr'>ἵνα</span> <span class='ocrx_word' id='word_1_695' title='bbox 1625 1721 1661 1759; x_wconf 87' lang='grc' dir='ltr'>μὴ</span> <span class='ocrx_word' id='word_1_696' title='bbox 1678 1724 1754 1762; x_wconf 80' lang='grc' dir='ltr'>ῥαθυ-</span> 
     </span>
     <span class='ocr_line' id='line_1_88' title="bbox 988 1767 1752 1824; baseline -0.001 -27"><span class='ocrx_word' id='word_1_697' title='bbox 988 1781 1088 1807; x_wconf 83' lang='grc' dir='ltr'>μησῃς,</span> <span class='ocrx_word' id='word_1_698' title='bbox 1104 1768 1161 1796; x_wconf 78' lang='grc' dir='ltr'>οὔτε</span> <span class='ocrx_word' id='word_1_699' title='bbox 1177 1768 1279 1824; x_wconf 54' lang='grc' dir='ltr'>ἀσαρῆ,</span> <span class='ocrx_word' id='word_1_700' title='bbox 1293 1767 1335 1796; x_wconf 84' lang='grc' dir='ltr'>ἵνα</span> <span class='ocrx_word' id='word_1_701' title='bbox 1350 1767 1386 1806; x_wconf 85' lang='grc' dir='ltr'>μὴ</span> <span class='ocrx_word' id='word_1_702' title='bbox 1400 1770 1527 1807; x_wconf 78' lang='grc' dir='ltr'>ἀπογνως.</span> <span class='ocrx_word' id='word_1_703' title='bbox 1550 1768 1602 1797; x_wconf 82' lang='grc' dir='ltr'>Καὶ</span> <span class='ocrx_word' id='word_1_704' title='bbox 1616 1770 1629 1796; x_wconf 85' lang='grc' dir='ltr'>ὁ</span> <span class='ocrx_word' id='word_1_705' title='bbox 1642 1767 1674 1805; x_wconf 73' lang='grc' dir='ltr'>μὲ</span> <span class='ocrx_word' id='word_1_706' title='bbox 1665 1779 1688 1795; x_wconf 95' lang='grc' dir='ltr'>ν</span> <span class='ocrx_word' id='word_1_707' title='bbox 1708 1769 1752 1796; x_wconf 82' lang='grc' dir='ltr'>εὖ-</span> 
     </span>
     <span class='ocr_line' id='line_1_89' title="bbox 987 1813 1753 1854; baseline -0.003 -11"><span class='ocrx_word' id='word_1_708' title='bbox 987 1819 1077 1854; x_wconf 71' lang='grc' dir='ltr'>νοῧχος</span> <span class='ocrx_word' id='word_1_709' title='bbox 1091 1817 1185 1847; x_wconf 79' lang='grc' dir='ltr'>ἐκεῖνος</span> <span class='ocrx_word' id='word_1_710' title='bbox 1198 1826 1243 1843; x_wconf 91' lang='grc' dir='ltr'>και</span> <span class='ocrx_word' id='word_1_711' title='bbox 1256 1814 1386 1854; x_wconf 82' lang='grc' dir='ltr'>βάροαρος</span> <span class='ocrx_word' id='word_1_712' title='bbox 1394 1813 1465 1843; x_wconf 78' lang='grc' dir='ltr'>ουδὲν</span> <span class='ocrx_word' id='word_1_713' title='bbox 1479 1825 1576 1843; x_wconf 86' lang='grc' dir='ltr'>τουτων</span> <span class='ocrx_word' id='word_1_714' title='bbox 1588 1818 1671 1848; x_wconf 76' lang='grc' dir='ltr'>εἶπεν,</span> <span class='ocrx_word' id='word_1_715' title='bbox 1686 1813 1753 1842; x_wconf 82' lang='grc' dir='ltr'>αλλὰ</span> 
     </span>
     <span class='ocr_line' id='line_1_90' title="bbox 987 1859 1752 1899; baseline -0.003 -10"><span class='ocrx_word' id='word_1_716' title='bbox 987 1872 1032 1889; x_wconf 91' lang='grc' dir='ltr'>και</span> <span class='ocrx_word' id='word_1_717' title='bbox 1047 1872 1174 1890; x_wconf 76' lang='grc' dir='ltr'>τοσουτων</span> <span class='ocrx_word' id='word_1_718' title='bbox 1195 1859 1358 1899; x_wconf 78' lang='grc' dir='ltr'>πραγμάτων</span> <span class='ocrx_word' id='word_1_719' title='bbox 1374 1860 1444 1899; x_wconf 75' lang='grc' dir='ltr'>ὄχλῳ</span> <span class='ocrx_word' id='word_1_720' title='bbox 1459 1859 1644 1898; x_wconf 81' lang='grc' dir='ltr'>κυκλουμενος,</span> <span class='ocrx_word' id='word_1_721' title='bbox 1661 1859 1705 1888; x_wconf 85' lang='grc' dir='ltr'>καὶ</span> <span class='ocrx_word' id='word_1_722' title='bbox 1726 1861 1752 1888; x_wconf 84' lang='grc' dir='ltr'>ἐν</span> 
     </span>
     <span class='ocr_line' id='line_1_91' title="bbox 986 1902 1753 1947; baseline -0.003 -11"><span class='ocrx_word' id='word_1_723' title='bbox 986 1908 1037 1947; x_wconf 70' lang='grc' dir='ltr'>ὁδῷ</span> <span class='ocrx_word' id='word_1_724' title='bbox 1051 1906 1096 1941; x_wconf 81' lang='grc' dir='ltr'>ὢν,</span> <span class='ocrx_word' id='word_1_725' title='bbox 1118 1905 1217 1945; x_wconf 64' lang='grc' dir='ltr'>βιὸλίον</span> <span class='ocrx_word' id='word_1_726' title='bbox 1237 1905 1303 1944; x_wconf 79' lang='grc' dir='ltr'>μετὰ</span> <span class='ocrx_word' id='word_1_727' title='bbox 1323 1911 1413 1946; x_wconf 74' lang='grc' dir='ltr'>χεῖρας</span> <span class='ocrx_word' id='word_1_728' title='bbox 1434 1902 1489 1945; x_wconf 65' lang='grc' dir='ltr'>εἶχε</span> <span class='ocrx_word' id='word_1_729' title='bbox 1512 1906 1556 1934; x_wconf 74' lang='grc' dir='ltr'>καὶ</span> <span class='ocrx_word' id='word_1_730' title='bbox 1580 1905 1753 1944; x_wconf 79' lang='grc' dir='ltr'>ἀνεγίνωσκε,</span> 
     </span>
     <span class='ocr_line' id='line_1_92' title="bbox 985 1952 1751 1991; baseline -0.003 -9"><span class='ocrx_word' id='word_1_731' title='bbox 985 1952 997 1968; x_wconf 63' lang='lat' dir='ltr'>b</span> <span class='ocrx_word' id='word_1_732' title='bbox 1006 1955 1051 1982; x_wconf 79' lang='grc' dir='ltr'>οὐκ</span> <span class='ocrx_word' id='word_1_733' title='bbox 1065 1952 1136 1985; x_wconf 78' lang='grc' dir='ltr'>εἰδὼς</span> <span class='ocrx_word' id='word_1_734' title='bbox 1150 1952 1216 1991; x_wconf 84' lang='grc' dir='ltr'>ἅπερ</span> <span class='ocrx_word' id='word_1_735' title='bbox 1228 1952 1383 1991; x_wconf 81' lang='grc' dir='ltr'>ἀνεγίνωσκε</span> <span class='ocrx_word' id='word_1_736' title='bbox 1393 1965 1398 1970; x_wconf 94' lang='grc'><em>·</em></span> <span class='ocrx_word' id='word_1_737' title='bbox 1409 1952 1439 1982; x_wconf 84' lang='grc' dir='ltr'>σὺ</span> <span class='ocrx_word' id='word_1_738' title='bbox 1455 1952 1481 1980; x_wconf 78' lang='grc' dir='ltr'>δὲ</span> <span class='ocrx_word' id='word_1_739' title='bbox 1493 1952 1537 1981; x_wconf 78' lang='grc' dir='ltr'>καὶ</span> <span class='ocrx_word' id='word_1_740' title='bbox 1548 1953 1575 1980; x_wconf 81' lang='grc' dir='ltr'>ἐν</span> <span class='ocrx_word' id='word_1_741' title='bbox 1589 1952 1751 1982; x_wconf 78' lang='grc' dir='ltr'>διδασκάλων</span> 
     </span>
     <span class='ocr_line' id='line_1_93' title="bbox 986 1997 1752 2039; baseline -0.003 -11"><span class='ocrx_word' id='word_1_742' title='bbox 986 1999 1093 2039; x_wconf 75' lang='grc' dir='ltr'>εὐπορίᾳ</span> <span class='ocrx_word' id='word_1_743' title='bbox 1107 1998 1152 2033; x_wconf 82' lang='grc' dir='ltr'>ὢν,</span> <span class='ocrx_word' id='word_1_744' title='bbox 1167 1999 1211 2026; x_wconf 78' lang='grc' dir='ltr'>καὶ</span> <span class='ocrx_word' id='word_1_745' title='bbox 1236 1998 1337 2036; x_wconf 82' lang='grc' dir='ltr'>ἑτέρους</span> <span class='ocrx_word' id='word_1_746' title='bbox 1360 1999 1427 2037; x_wconf 78' lang='grc' dir='ltr'>ἔχων</span> <span class='ocrx_word' id='word_1_747' title='bbox 1449 1997 1506 2030; x_wconf 73' lang='grc' dir='ltr'>τοὺς</span> <span class='ocrx_word' id='word_1_748' title='bbox 1529 1997 1752 2036; x_wconf 78' lang='grc' dir='ltr'>ὑπαναγινώσκον-</span> 
     </span>
     <span class='ocr_line' id='line_1_94' title="bbox 984 2039 1753 2084; baseline -0.003 -10"><span class='ocrx_word' id='word_1_749' title='bbox 984 2057 1042 2081; x_wconf 84' lang='grc' dir='ltr'>τας,</span> <span class='ocrx_word' id='word_1_750' title='bbox 1055 2045 1164 2084; x_wconf 75' lang='grc' dir='ltr'>σκήψεις</span> <span class='ocrx_word' id='word_1_751' title='bbox 1177 2045 1314 2084; x_wconf 67' lang='grc' dir='ltr'>προίάλλῃ</span> <span class='ocrx_word' id='word_1_752' title='bbox 1326 2057 1369 2082; x_wconf 81' lang='grc' dir='ltr'>μοι</span> <span class='ocrx_word' id='word_1_753' title='bbox 1384 2045 1428 2073; x_wconf 74' lang='grc' dir='ltr'>καὶ</span> <span class='ocrx_word' id='word_1_754' title='bbox 1439 2044 1590 2083; x_wconf 60' lang='grc' dir='ltr'>προφάσεις.</span> <span class='ocrx_word' id='word_1_755' title='bbox 1604 2046 1663 2073; x_wconf 76' lang='grc' dir='ltr'>Οὐκ</span> <span class='ocrx_word' id='word_1_756' title='bbox 1678 2039 1753 2072; x_wconf 65' lang='grc' dir='ltr'>οἶσθα</span> 
     </span>
     <span class='ocr_line' id='line_1_95' title="bbox 985 2086 1752 2130; baseline -0.001 -11"><span class='ocrx_word' id='word_1_757' title='bbox 985 2092 1018 2121; x_wconf 83' lang='grc' dir='ltr'>τὰ</span> <span class='ocrx_word' id='word_1_758' title='bbox 1036 2091 1176 2130; x_wconf 82' lang='grc' dir='ltr'>λεγόμενα;</span> <span class='ocrx_word' id='word_1_759' title='bbox 1192 2092 1292 2120; x_wconf 78' lang='grc' dir='ltr'>Οὔκουν</span> <span class='ocrx_word' id='word_1_760' title='bbox 1318 2086 1420 2123; x_wconf 62' lang='grc' dir='ltr'>εἶξαι’</span> <span class='ocrx_word' id='word_1_761' title='bbox 1411 2103 1452 2119; x_wconf 89' lang='grc' dir='ltr'>ινα</span> <span class='ocrx_word' id='word_1_762' title='bbox 1475 2091 1574 2129; x_wconf 86' lang='grc' dir='ltr'>μάθης·</span> <span class='ocrx_word' id='word_1_763' title='bbox 1602 2091 1701 2128; x_wconf 83' lang='grc' dir='ltr'>μαλλον</span> <span class='ocrx_word' id='word_1_764' title='bbox 1725 2090 1752 2119; x_wconf 79' lang='grc' dir='ltr'>δὲ</span> 
     </span>
     <span class='ocr_line' id='line_1_96' title="bbox 985 2135 1752 2177; baseline -0.003 -11"><span class='ocrx_word' id='word_1_765' title='bbox 985 2138 1120 2177; x_wconf 76' lang='grc' dir='ltr'>ἀμήχανον</span> <span class='ocrx_word' id='word_1_766' title='bbox 1135 2137 1221 2165; x_wconf 83' lang='grc' dir='ltr'>πάντα</span> <span class='ocrx_word' id='word_1_767' title='bbox 1234 2138 1344 2175; x_wconf 77' lang='grc' dir='ltr'>ἀγνοεῖν.</span> <span class='ocrx_word' id='word_1_768' title='bbox 1359 2136 1412 2165; x_wconf 83' lang='grc' dir='ltr'>Και</span> <span class='ocrx_word' id='word_1_769' title='bbox 1425 2136 1475 2175; x_wconf 76' lang='grc' dir='ltr'>γὰρ</span> <span class='ocrx_word' id='word_1_770' title='bbox 1485 2136 1570 2165; x_wconf 75' lang='grc' dir='ltr'>πολλὰ</span> <span class='ocrx_word' id='word_1_771' title='bbox 1583 2137 1631 2164; x_wconf 78' lang='grc' dir='ltr'>αὐτ</span> <span class='ocrx_word' id='word_1_772' title='bbox 1632 2135 1708 2165; x_wconf 79' lang='grc' dir='ltr'>όθεν’</span> <span class='ocrx_word' id='word_1_773' title='bbox 1697 2148 1752 2165; x_wconf 85' lang='grc' dir='ltr'>εστι</span> 
     </span>
     <span class='ocr_line' id='line_1_97' title="bbox 986 2182 1750 2222; baseline -0.003 -9"><span class='ocrx_word' id='word_1_774' title='bbox 986 2184 1121 2219; x_wconf 81' lang='grc' dir='ltr'>κατάδηλα</span> <span class='ocrx_word' id='word_1_775' title='bbox 1135 2196 1180 2212; x_wconf 89' lang='grc' dir='ltr'>και</span> <span class='ocrx_word' id='word_1_776' title='bbox 1193 2185 1277 2222; x_wconf 68' lang='grc' dir='ltr'>σαφ’ῆ·</span> <span class='ocrx_word' id='word_1_777' title='bbox 1290 2184 1387 2221; x_wconf 75' lang='grc' dir='ltr'>μᾶλλον</span> <span class='ocrx_word' id='word_1_778' title='bbox 1404 2183 1430 2211; x_wconf 79' lang='grc' dir='ltr'>δὲ</span> <span class='ocrx_word' id='word_1_779' title='bbox 1440 2205 1448 2219; x_wconf 97' lang='grc'>,</span> <span class='ocrx_word' id='word_1_780' title='bbox 1462 2182 1510 2210; x_wconf 75' lang='grc' dir='ltr'>κᾶν</span> <span class='ocrx_word' id='word_1_781' title='bbox 1526 2182 1627 2211; x_wconf 85' lang='grc' dir='ltr'>ἅπαντα</span> <span class='ocrx_word' id='word_1_782' title='bbox 1641 2184 1750 2221; x_wconf 81' lang='grc' dir='ltr'>ἀγνοης,</span> 
     </span>
     <span class='ocr_line' id='line_1_98' title="bbox 986 2228 1751 2269; baseline -0.004 -9"><span class='ocrx_word' id='word_1_783' title='bbox 986 2230 1031 2260; x_wconf 76' lang='grc' dir='ltr'>καὶ</span> <span class='ocrx_word' id='word_1_784' title='bbox 1045 2230 1126 2262; x_wconf 74' lang='grc' dir='ltr'>οὕτως</span> <span class='ocrx_word' id='word_1_785' title='bbox 1139 2229 1278 2268; x_wconf 72' lang='grc' dir='ltr'>ἡσυχάζειν</span> <span class='ocrx_word' id='word_1_786' title='bbox 1299 2228 1366 2264; x_wconf 82' lang='grc' dir='ltr'>ἔδει,</span> <span class='ocrx_word' id='word_1_787' title='bbox 1381 2228 1422 2257; x_wconf 76' lang='grc' dir='ltr'>ἵνα</span> <span class='ocrx_word' id='word_1_788' title='bbox 1444 2228 1480 2267; x_wconf 86' lang='grc' dir='ltr'>μὴ</span> <span class='ocrx_word' id='word_1_789' title='bbox 1503 2228 1562 2260; x_wconf 78' lang='grc' dir='ltr'>τοὺς</span> <span class='ocrx_word' id='word_1_790' title='bbox 1575 2228 1751 2269; x_wconf 77' lang='grc' dir='ltr'>προσέχοντας</span> 
     </span>
     <span class='ocr_line' id='line_1_99' title="bbox 986 2274 1750 2315; baseline -0.005 -9"><span class='ocrx_word' id='word_1_791' title='bbox 986 2276 1140 2315; x_wconf 82' lang='grc' dir='ltr'>ἐκκρούσῃς,</span> <span class='ocrx_word' id='word_1_792' title='bbox 1155 2274 1197 2303; x_wconf 78' lang='grc' dir='ltr'>ἵνα</span> <span class='ocrx_word' id='word_1_793' title='bbox 1212 2286 1257 2304; x_wconf 87' lang='grc' dir='ltr'>σου</span> <span class='ocrx_word' id='word_1_794' title='bbox 1269 2274 1316 2309; x_wconf 83' lang='grc' dir='ltr'>τὴν</span> <span class='ocrx_word' id='word_1_795' title='bbox 1328 2275 1438 2314; x_wconf 77' lang='grc' dir='ltr'>ἡσυχίαν</span> <span class='ocrx_word' id='word_1_796' title='bbox 1450 2275 1496 2303; x_wconf 79' lang='grc' dir='ltr'>καὶ</span> <span class='ocrx_word' id='word_1_797' title='bbox 1508 2274 1555 2310; x_wconf 71' lang='grc' dir='ltr'>τὴν</span> <span class='ocrx_word' id='word_1_798' title='bbox 1576 2275 1640 2303; x_wconf 77' lang='grc' dir='ltr'>αἰδῶ</span> <span class='ocrx_word' id='word_1_799' title='bbox 1659 2275 1750 2303; x_wconf 84' lang='grc' dir='ltr'>ἀποδε-</span> 
     </span>
     <span class='ocr_line' id='line_1_100' title="bbox 985 2319 1749 2360; baseline -0.001 -10"><span class='ocrx_word' id='word_1_800' title='bbox 985 2322 1091 2360; x_wconf 69' lang='grc' dir='ltr'>ξάμενος</span> <span class='ocrx_word' id='word_1_801' title='bbox 1107 2324 1120 2350; x_wconf 86' lang='grc' dir='ltr'>ὃ</span> <span class='ocrx_word' id='word_1_802' title='bbox 1132 2321 1212 2357; x_wconf 83' lang='grc' dir='ltr'>Θεὸς,</span> <span class='ocrx_word' id='word_1_803' title='bbox 1224 2320 1269 2349; x_wconf 83' lang='grc' dir='ltr'>καὶ</span> <span class='ocrx_word' id='word_1_804' title='bbox 1282 2320 1315 2349; x_wconf 85' lang='grc' dir='ltr'>τὰ</span> <span class='ocrx_word' id='word_1_805' title='bbox 1330 2323 1417 2360; x_wconf 66' lang='grc' dir='ltr'>ἀσαφῆ</span> <span class='ocrx_word' id='word_1_806' title='bbox 1434 2320 1532 2358; x_wconf 76' lang='grc' dir='ltr'>ποιήσῃ</span> <span class='ocrx_word' id='word_1_807' title='bbox 1547 2321 1622 2355; x_wconf 76' lang='grc' dir='ltr'>δῆλα.</span> <span class='ocrx_word' id='word_1_808' title='bbox 1634 2319 1703 2348; x_wconf 80' lang='grc' dir='ltr'>Ἀλλ’</span> <span class='ocrx_word' id='word_1_809' title='bbox 1720 2322 1749 2349; x_wconf 80' lang='grc' dir='ltr'>οὐ</span> 
     </span>
    </p>
   </div>
   <div class='ocr_carea' id='block_1_8' title="bbox 985 2370 1748 2410">
    <p class='ocr_par' dir='ltr' id='par_1_8' title="bbox 985 2370 1748 2410">
     <span class='ocr_line' id='line_1_101' title="bbox 985 2370 1748 2410; baseline -0.005 -8"><span class='ocrx_word' id='word_1_810' title='bbox 985 2373 1092 2402; x_wconf 73' lang='grc' dir='ltr'>δύνασαι</span> <span class='ocrx_word' id='word_1_811' title='bbox 1103 2376 1192 2410; x_wconf 70' lang='grc' dir='ltr'>σιγᾷνς</span> <span class='ocrx_word' id='word_1_812' title='bbox 1209 2372 1309 2400; x_wconf 72' lang='grc' dir='ltr'>Οὐκοῦν</span> <span class='ocrx_word' id='word_1_813' title='bbox 1319 2370 1397 2407; x_wconf 79' lang='grc' dir='ltr'>ἔξιθι,</span> <span class='ocrx_word' id='word_1_814' title='bbox 1411 2370 1453 2399; x_wconf 79' lang='grc' dir='ltr'>ἵνα</span> <span class='ocrx_word' id='word_1_815' title='bbox 1464 2370 1501 2408; x_wconf 87' lang='grc' dir='ltr'>μὴ</span> <span class='ocrx_word' id='word_1_816' title='bbox 1513 2370 1557 2399; x_wconf 79' lang='grc' dir='ltr'>καὶ</span> <span class='ocrx_word' id='word_1_817' title='bbox 1578 2370 1674 2409; x_wconf 81' lang='grc' dir='ltr'>ἑτέροις</span> <span class='ocrx_word' id='word_1_818' title='bbox 1685 2371 1748 2409; x_wconf 82' lang='grc' dir='ltr'>γένῃ</span> 
     </span>
    </p>
   </div>
   <div class='ocr_carea' id='block_1_9' title="bbox 996 2470 1746 2545">
    <p class='ocr_par' dir='ltr' id='par_1_9' title="bbox 996 2470 1746 2545">
     <span class='ocr_line' id='line_1_102' title="bbox 1029 2470 1746 2507; baseline -0.006 -9"><span class='ocrx_word' id='word_1_819' title='bbox 1029 2475 1041 2493; x_wconf 85' lang='lat' dir='ltr'>b</span> <span class='ocrx_word' id='word_1_820' title='bbox 1058 2474 1142 2506; x_wconf 72' lang='lat' dir='ltr'>[¹1ae0,</span> <span class='ocrx_word' id='word_1_821' title='bbox 1154 2476 1191 2499; x_wconf 66' lang='lat'>031</span> <span class='ocrx_word' id='word_1_822' title='bbox 1204 2475 1263 2501; x_wconf 73' lang='grc' dir='ltr'>εἰδὼς</span> <span class='ocrx_word' id='word_1_823' title='bbox 1273 2476 1329 2507; x_wconf 69' lang='grc' dir='ltr'>ἅπερ</span> <span class='ocrx_word' id='word_1_824' title='bbox 1341 2477 1387 2502; x_wconf 46' lang='grc' dir='ltr'>ἀι,</span> <span class='ocrx_word' id='word_1_825' title='bbox 1397 2471 1545 2504; x_wconf 77' lang='lat' dir='ltr'>quaedesum</span> <span class='ocrx_word' id='word_1_826' title='bbox 1558 2471 1581 2497; x_wconf 87' lang='lat' dir='ltr'>in</span> <span class='ocrx_word' id='word_1_827' title='bbox 1593 2470 1669 2503; x_wconf 86' lang='lat' dir='ltr'>Edd.,</span> <span class='ocrx_word' id='word_1_828' title='bbox 1679 2480 1746 2497; x_wconf 83' lang='lat' dir='ltr'>rece.</span> 
     </span>
     <span class='ocr_line' id='line_1_103' title="bbox 996 2511 1424 2545; baseline -0.005 -7"><span class='ocrx_word' id='word_1_829' title='bbox 996 2515 1076 2545; x_wconf 81' lang='lat' dir='ltr'>pimus</span> <span class='ocrx_word' id='word_1_830' title='bbox 1086 2521 1114 2538; x_wconf 77' lang='lat' dir='ltr'>ex</span> <span class='ocrx_word' id='word_1_831' title='bbox 1129 2515 1157 2537; x_wconf 78' lang='lat' dir='ltr'>A.</span> <span class='ocrx_word' id='word_1_832' title='bbox 1171 2513 1197 2537; x_wconf 89' lang='grc' dir='ltr'>Β.</span> <span class='ocrx_word' id='word_1_833' title='bbox 1209 2518 1233 2537; x_wconf 89' lang='lat' dir='ltr'>et</span> <span class='ocrx_word' id='word_1_834' title='bbox 1248 2521 1325 2545; x_wconf 78' lang='lat' dir='ltr'>marg.</span> <span class='ocrx_word' id='word_1_835' title='bbox 1336 2511 1424 2545; x_wconf 64' lang='lat' dir='ltr'>savit]</span> 
     </span>
    </p>
   </div>
  </div>
 </body>
</html>
