1891 2866
268 168 336 213 246
597 178 624 199 s.

260 249 304 269 tur
327 241 354 268 iu
384 240 458 271 otio,
475 239 578 267 nemine
600 239 735 277 negotium
759 239 878 274 faciente,
901 239 1000 278 seipsos

261 294 430 316 macerantes.
452 285 488 314 Et
509 296 568 323 quae
592 285 636 314 hic
658 285 768 323 quidem
795 292 913 323 aguntur
938 284 1001 318 talia

259 339 341 369 sunt,
355 342 414 370 qua:
428 342 490 360 vero
511 330 575 367 illic,
591 330 650 369 quis
662 341 747 359 sermo
763 341 896 359 recensere
912 329 1002 370 possit,

261 379 377 407 fornaces
395 377 583 412 intolerabiles,
595 377 692 406 fluvios
703 378 762 415 igue
773 377 903 413 ardentes,
912 376 1003 404 dentes

260 423 418 458 stridentes,
440 422 594 451 insolubilia
617 422 733 456 vincula,
757 433 875 450 vermem
892 432 1003 450 venena-

265 471 457 509 tum,tenebras
467 470 534 498 lueis
545 477 674 509 expertes,
682 470 751 498 mala
763 480 907 508 numquam
923 469 1002 497 finem
1018 473 1035 495 B

259 516 394 545 habentia.
411 516 565 545 Timeamus
580 526 654 554 ergo,
670 515 772 551 dilecti,
788 515 925 553 fugiamus
944 514 1003 542 fon-

259 570 313 591 tem
326 570 459 591 tantorum
479 561 660 598 cruciatuum,
676 562 793 590 furorem
808 560 1000 597 insatiabilem,

261 615 357 637 nostrae
371 608 465 636 salutis
480 606 699 646 perniciem.N0n
717 613 826 645 possunt
837 606 907 634 enim
921 605 1001 634 simul

260 654 344 682 amari
359 653 469 692 pecunia
484 659 509 680 et
529 652 628 680 anima.
643 652 784 680 Diseamus
798 652 923 690 pecunias
947 662 1003 680 esse

260 707 358 728 terram
375 706 400 728 et
414 699 554 738 pulverem
568 720 574 733 ‚
589 697 661 736 quod
677 709 723 726 nos
738 698 859 726 deserant
875 698 939 726 liinc
952 697 1003 726 dc-

261 746 413 783 migrantes‚
427 745 480 772 imo
496 754 559 772 vero
574 754 641 782 slepe
655 750 715 771 ante
732 743 869 771 decessum
883 750 1002 772 nostrum

260 791 388 827 resiliant,
403 789 475 827 quod
488 789 522 817 ad
542 789 659 817 futuram
680 796 789 817 noceant
802 795 827 817 et
846 789 880 817 ad
890 800 1002 829 praesen-

260 844 313 865 tcm
327 836 422 866 vitam.
434 836 501 864 Nam
524 842 548 863 et
566 841 625 863 ante
637 835 786 874 geliennam
806 842 832 863 et
857 842 917 864 ante
939 847 1003 875 sup·

260 883 374 923 plicium
386 881 455 910 illud
465 882 492 910 in
503 881 573 910 bella
583 881 628 910 hic
637 892 683 910 nos
696 881 834 910 innumera
847 881 1002 921 conjiciunt,

261 929 403 957 seditiones
422 927 541 956 excitant
556 934 581 955 et
594 937 706 966 pugnas.
719 927 795 956 Nihil
810 927 879 955 euim
895 928 931 956 ita
945 928 1002 956 bel-

263 976 320 1004 lum
335 976 449 1004 concitat
462 982 491 1003 ut
507 975 620 1003 avaritia
632 986 640 1012 5
653 974 721 1002 nihil
737 975 771 1003 ita
787 974 893 1014 inopem
904 975 1001 1012 reddit,

262 1022 318 1051 sive
334 1021 361 1050 in
380 1020 494 1053 divitiis,
505 1020 562 1049 sive
580 1020 606 1048 in
622 1020 749 1059 pauperie
771 1020 934 1060 apparuerit.
950 1022 1002 1049 Na-

262 1068 345 1096 scitur
357 1068 428 1096 enim
448 1067 527 1095 etiam
540 1066 567 1094 in
585 1076 734 1105 pauperum
747 1066 842 1094 animis
858 1066 947 1105 gravis
958 1067 1003 1095 bic

263 1115 383 1152 morbus,
405 1114 567 1152 illorumque
591 1120 774 1152 paupertatem
799 1114 883 1152 magis
903 1113 1001 1142 atterit.

263 1163 292 1191 Si
312 1169 400 1191 autem
416 1162 537 1190 inventus
556 1161 636 1189 fuerit
655 1171 757 1200 pauper
777 1171 884 1197 avarus,
898 1171 951 1190 11ο11
974 1161 1003 1190 111

261 1208 365 1237 divitiis
389 1207 442 1244 ille,
458 1206 504 1235 sed
525 1206 552 1234 in
577 1207 646 1235 same
667 1206 714 1235 dat
736 1217 834 1246 poenas.
847 1207 906 1235 Non
931 1207 1003 1235 enim

262 1262 347 1295 potest
362 1254 405 1283 vel
420 1253 532 1282 modicis
552 1253 607 1281 illis
618 1263 677 1290 qum
689 1252 769 1282 habet
784 1253 866 1281 libere
878 1253 943 1286 frui,
957 1252 1002 1281 sed

262 1309 287 1330 ct
302 1308 421 1331 ventrem
435 1301 504 1328 same
522 1306 609 1335 vexat,
624 1306 649 1327 et
663 1309 761 1338 corpus
781 1305 869 1327 totum
884 1299 1004 1327 nuditate

262 1357 286 1379 et
300 1349 398 1388 frigore
410 1347 555 1383 ulciscitur,
566 1353 591 1375 et
601 1346 632 1374 iis
644 1347 690 1384 qui
705 1353 765 1375 sunt
776 1346 803 1374 in
815 1346 931 1375 vinculis
945 1346 1005 1378 ubi,-

262 1406 313 1434 quc
335 1394 484 1434 squalidior
504 1399 529 1421 et
554 1392 687 1421 sordidior
709 1399 764 1421 est:
785 1403 890 1432 semper
912 1392 957 1421 sset
979 1399 1005 1421 et

262 1442 432 1478 lamentatur,
446 1450 477 1468 ac
491 1439 514 1467 si
528 1437 648 1466 omnium
661 1437 826 1466 miserrimus
841 1438 884 1473 sit,
901 1438 1003 1467 etiamsi

263 1487 394 1516 innumeri
402 1487 454 1515 sint
468 1485 514 1513 illo
528 1484 711 1523 pauperiores.
725 1484 776 1513 Hic
788 1484 809 1512 si
826 1485 851 1512 in
864 1485 952 1513 forum
964 1485 1004 1513 in-

263 1546 367 1574 gressus
377 1533 532 1571 fuerit,abit
546 1531 638 1560 multis
649 1532 763 1571 acceptis
778 1532 930 1570 vibicibus,
942 1532 965 1560 si
977 1532 1004 1561 in

262 1582 397 1618 balneum,
414 1580 436 1609 si
456 1580 483 1608 in
507 1578 651 1614 theatrum,
662 1577 740 1617 plura
761 1578 872 1617 accipiet
886 1578 1005 1616 vulnera,

263 1640 314 1658 non
327 1640 342 1657 a
354 1627 548 1668 spectatoribus
563 1625 714 1661 solum,sed
728 1626 806 1654 etiam
822 1625 856 1654 ab
871 1625 903 1654 iis
918 1626 964 1664 qui
977 1626 1005 1654 111

263 1686 339 1704 scena
353 1681 423 1711 sunt,
433 1684 494 1702 cum
505 1671 604 1701 viderit
613 1671 760 1700 meretrices
769 1672 867 1700 multas
875 1682 941 1700 auro
953 1672 1005 1700 sul-

264 1721 418 1761 gentesflit:
432 1720 510 1749 etiam
522 1719 544 1747 si
557 1718 583 1746 in
596 1718 665 1746 mari
680 1719 798 1757 naviget,
810 1726 968 1761 mercatores
979 1726 1004 1748 et

264 1778 344 1797 naves
358 1766 481 1806 plurimis
496 1770 603 1793 onustas
616 1764 750 1792 mercibus
759 1764 878 1803 cogitans
890 1771 915 1792 et
929 1765 1003 1793 lucra

265 1814 392 1853 ingentia,
400 1822 483 1851 neque
495 1822 522 1840 se
529 1811 620 1838 vivere
639 1810 761 1848 putabit:
774 1810 879 1839 etiamsi
891 1821 937 1849 per
952 1818 1004 1839 ter-

264 1871 321 1889 ram
339 1860 389 1888 iter
409 1864 481 1897 agat,
504 1868 591 1896 agros,
609 1855 709 1896 praedia
732 1856 896 1891 suburbana,
915 1856 1004 1885 diver-

263 1907 342 1943 soria,
357 1906 609 1943 balnea‚proventus
623 1902 686 1931 inde
699 1909 788 1942 partos
806 1902 934 1940 cogitans,
953 1913 1004 1931 non

264 1953 372 1981 vitalem
393 1951 445 1980 sibi
469 1950 551 1978 vitam
570 1960 625 1978 esse
648 1955 738 1988 postea
760 1948 875 1987 putabit.
889 1948 969 1983 Quod
983 1948 1005 1977 si

266 1998 343 2026 illum
364 1997 445 2025 etiam
457 1995 525 2023 intra
540 1994 650 2023 domum
664 1993 823 2030 incluseri53
838 2004 896 2031 quae
910 1994 936 2022 in
948 1994 1005 2022 soro

264 2043 364 2083 accepit
382 2043 492 2071 vulnera
507 2041 643 2077 refricans,
655 2039 729 2079 apud
746 2050 772 2067 se
787 2040 872 2078 magis
885 2040 1004 2068 animum

266 2088 396 2119 cruciabit
413 2100 418 2115 :
434 2097 567 2125 unamque
594 2087 669 2115 novit
692 2086 780 2114 solum
799 2085 1004 2114 consolationem

265 2136 397 2164 malorum
409 2134 505 2172 quibus
517 2132 657 2172 premitur,
672 2138 784 2160 mortem
800 2138 825 2159 et
839 2142 873 2159 ex
886 2132 936 2160 hac
951 2133 1004 2160 vita

265 2181 458 2220 migrationem.
475 2179 537 2207 Haee
563 2189 614 2206 non
636 2188 737 2217 pauper
755 2177 844 2214 modo,
856 2177 902 2206 sed
927 2177 1006 2206 etiam

265 2228 352 2263 dives,
373 2227 419 2265 qui
441 2226 468 2254 in
489 2225 561 2253 hunc
586 2223 709 2252 inciderit
733 2223 865 2259 morbum,
881 2224 1005 2263 patietur,

266 2281 292 2302 et
314 2279 387 2302 tanto
408 2271 492 2310 magis
510 2280 591 2309 quam
610 2280 720 2308 pauper,
746 2276 843 2307 quanto
864 2269 1004 2298 vehemen-

267 2321 319 2348 tior
348 2319 470 2347 imminet
496 2317 535 2345 1111
569 2315 697 2355 tyrannis,
720 2321 745 2343 et
773 2315 858 2353 major
882 2315 1004 2345 ebrietas.

268 2366 330 2394 Ideo
343 2376 370 2394 se
381 2364 500 2393 omnium
518 2362 716 2402 pauperrimum
733 2361 849 2400 putabit,
863 2361 916 2389 imo
927 2363 1006 2391 etiam

268 2423 328 2441 vere
351 2409 538 2451 pauperrimus
560 2415 606 2437 est.
620 2408 680 2436 Non
699 2407 768 2435 enim
792 2418 825 2435 ex
850 2407 1006 2436 facultatum

1019 1492 1037 1514 Ι)

299 2527 308 2537 ³¹
328 2519 376 2549 [Α.
389 2518 415 2540 Β.
430 2522 456 2540 et
473 2514 550 2540 Savil-
564 2515 589 2538 ln
602 2522 681 2546 marg.
696 2516 805 2539 τοσούτων
823 2521 896 2539 κακῶν
912 2517 947 2539 καὶ
960 2514 1020 2545 τεμ]

302 2559 311 2574 1·
332 2556 371 2581 53„-
385 2556 443 2587 Βοὲς.
459 2561 482 2579 et
498 2554 614 2579 Savil.1n
626 2553 713 2577 Morel.
729 2556 800 2578 2423on
813 2551 976 2578 desideratur,

654 177 793 202 sommis
819 177 998 200 CHRYSOST.
1032 177 1186 200 Ancnttw.

1216 178 1277 199 (103
1285 178 1342 200 §TA
1349 177 1483 200 N't‘mot‘.

1054 239 1216 278 φροντίζουσι
1230 241 1366 279 χαλεπῶς,
1388 240 1433 269 ἅτε
1443 240 1552 278 μηδενὸς
1564 242 1728 280 ἐνοχλοῦντος
1752 240 1818 278 μετὰ

1055 287 1151 324 σχολῆς
1168 286 1272 321 ἁπάσης
1287 287 1494 319 κατακόπτοντες
1511 286 1626 320 ἑαυτούς.
1648 287 1700 316 Καὶ
1719 286 1752 317 τὰ
1772 287 1819 326 μὲν

1055 332 1164 360 ἐνταῦθα
1183 335 1305 361 τοιαῦτα·
1320 332 1353 361 τὰ
1372 332 1399 362 δὲ
1415 334 1483 366 ἐκεῖ,
1499 337 1571 366 ποῖος
1584 333 1749 373 παραστήσει
1771 333 1819 361 λό-

1054 389 1113 415 γος;
1128 378 1173 410 τὰς
1194 378 1318 416 καμίνους
1340 378 1386 411 τὰς
1407 379 1563 419 ἀφορήτους,
1578 379 1637 412 τοὺς
1664 379 1819 418 πυριφλεγέ-

1055 425 1145 456 Οοντας
1158 424 1290 462 ποταμοὺς
1299 447 1306 459 ,
1320 423 1378 457 τοὺς
1401 425 1574 465 βρυχομένους
1587 425 1705 461 ὀδόντας,
1717 424 1751 454 ’τὰ
1775 426 1818 453 δε·

1055 467 1110 506 σμὰ
1124 469 1157 497 τὰ
1171 470 1268 506 ἄλυτα,
1283 470 1325 499 τὸν
1350 469 1475 505 σκώληκα
1497 471 1540 500 τὸν
1557 471 1666 507 ἷοὸολον,
1682 471 1712 500 τὸ
1727 471 1818 504 σκότος

1053 513 1084 542 τὸ
1098 515 1218 554 ἀφεγγὲς,
1240 515 1274 544 τὰ
1297 516 1426 554 μηδέποτε
1447 517 1529 556 πέρας
1550 517 1719 555 λαμὸοίνοντα
1735 517 1818 546 κακοί.

1053 560 1218 598 Φοὲηθῶμεν
1235 561 1328 597 τοίνυν,
1343 562 1490 601 ἀγαπητοὶ,
1502 564 1656 602 φοὸηθῶμεν
1670 563 1717 598 τὴν
1729 562 1817 603 πηγὴν

1053 608 1105 634 τῶν
1119 606 1248 635 τοσούτων
1259 610 1270 622 ¹¹
1281 610 1425 646 τιμωριῶν,
1438 608 1485 644 τὴν
1503 609 1642 648 ἀκόρεστον
1652 609 1760 647 μανίαν,
1770 608 1818 645 τὴν

1053 651 1138 688 λύμην
1150 654 1197 686 τῆς
1210 652 1339 691 ἡμετέρας
1351 654 1490 693 σωτηρίας.
1503 656 1543 683 Οὐ
1552 654 1602 693 γὰρ
1611 654 1679 683 ἔστιν
1693 657 1757 693 ὁμοῦ
1772 655 1817 683 καὶ

1054 697 1175 736 ἀργύριον
1182 699 1265 737 φιλεῖν
1276 698 1320 726 καὶ
1331 699 1427 738 ψυχήν.
1436 700 1568 738 ΜάΟωμεν
1580 700 1658 739 &za-fv,
1671 700 1716 729 καὶ
1723 701 1817 733 σποδὸς

1053 743 1086 771 τὰ
1100 743 1244 782 χρήματα,
1261 744 1300 773 ὅτι
1327 745 1503 783 ἀπολιμπάνει
1524 749 1594 784 ἡμᾶς
1620 747 1817 783 ἀποδημοῦντας

1054 791 1179 826 ἐντεῦθεν,
1196 791 1294 828 μᾶλλον
1311 790 1338 819 δὲ
1350 791 1389 819 ὅτι
1405 791 1449 819 καὶ
1463 791 1513 830 πρὸ
1527 794 1574 826 τῆς
1588 791 1737 829 ἀποδημίας
1751 792 1818 821 πολ-

1053 836 1128 869 λάκις
1151 838 1227 874 ἡμῶν
1239 837 1373 876 ἀποπηδᾷ,
1392 837 1437 866 καὶ
1455 838 1519 877 πρὸς
1536 837 1570 866 τὰ
1586 838 1714 876 μέλλοντα
1729 849 1818 877 παρα-

1055 882 1180 916 emma,
1191 882 1235 911 καὶ
1247 883 1311 921 πρὸς
1325 883 1371 918 τὴν
1388 886 1520 923 παροῦσαν
1541 884 1618 919 ζωήν.
1634 884 1686 914 Καὶ
1700 883 1750 924 γὰρ
1766 884 1818 924 πρὸ

1055 930 1100 962 τῆς
1123 928 1227 966 γεέννης
1243 929 1287 957 καὶ
1301 929 1352 968 πρὸ
1371 932 1417 964 τῆς
1443 930 1574 962 κολάσεως
1600 930 1698 966 ἐκείνης
1719 930 1819 970 μυρίοις

1055 975 1186 1003 κάνταῦθα
1209 977 1279 1012 ἡμᾶς
1301 975 1453 1015 περιὲῗάλλει
1475 975 1617 1014 πολέμοις,
1641 976 1685 1004 καὶ
1715 976 1819 1009 στάσεις

1055 1020 1149 1060 ἐγείρει
1165 1020 1209 1049 καὶ
1223 1021 1320 1060 μάχας.
1333 1021 1414 1051 Οὐδὲν
1429 1021 1478 1060 γὰρ
1497 1021 1565 1050 οὕτω
1580 1022 1768 1060 πολεμοποιὸν,
1784 1023 1819 1055 ὡς

1056 1066 1226 1105 (pomp-(opiz-
1242 1067 1314 1095 οὐδὲν
1327 1066 1394 1096 οὕτω
1410 1068 1585 1107 πτωχοποιὸν,
1600 1068 1647 1096 κᾶν
1661 1070 1686 1097 ἐν
1697 1068 1816 1108 πλούτῳ,

1055 1112 1102 1141 κᾶν
1119 1114 1145 1141 ἐν
1159 1113 1235 1142 πενία
1250 1115 1326 1152 φανῇ.
1347 1113 1448 1142 ‘hostat
1468 1114 1518 1153 γὰρ
1531 1114 1575 1143 καὶ
1593 1116 1618 1143 ἐν
1632 1114 1751 1150 πενήτων
1768 1117 1818 1154 ψυ-

1054 1163 1114 1198 χαῖς
1129 1159 1158 1187 τὸ
1169 1160 1284 1197 χαλεπὸν
1296 1163 1371 1188 τοῦτο
1383 1159 1498 1198 νόσημα,
1513 1160 1556 1189 καὶ
1571 1160 1649 1189 πλέον
1662 1162 1746 1189 αὐτῶν
1760 1163 1820 1189 ἔπι-

1054 1204 1137 1243 τρίὸει
1152 1205 1197 1240 τὴν
1212 1205 1312 1233 πενίαν.
1328 1205 1383 1234 Κᾶν
1398 1207 1489 1244 εὑρεθῇ
1502 1206 1581 1241 πένης
1593 1206 1748 1246 φιλάργυρος
1759 1208 1820 1240 ,οὐκ

1055 1253 1081 1280 ἒν
1097 1251 1230 1290 χρήμασιν
1244 1254 1392 1289 ὃτοιοῧτος,
1415 1253 1472 1281 ἀλλ’
1489 1254 1514 1281 ἐν
1534 1254 1604 1291 λιμῷ
1619 1253 1708 1281 δίδωσι
1730 1252 1817 1288 δίκην.

1055 1299 1095 1326 Οὐ
1105 1297 1154 1336 γὰρ
1167 1297 1288 1336 ἀνέχεται
1302 1300 1353 1326 τῶν
1369 1298 1481 1336 μετρίων
1496 1300 1581 1327 αὐτῶν
1594 1299 1740 1327 ἀπολαῦσαι
1753 1298 1820 1337 μετὰ

1056 1343 1142 1375 ἀδείας
1153 1366 1160 1379 ,
1172 1344 1238 1372 ἀλλὰ
1254 1343 1299 1372 καὶ
1312 1344 1359 1379 τὴν
1378 1343 1492 1384 γαστέρα
1506 1345 1576 1384 λιμῷ
1593 1344 1754 1380 κατατείνει,
1774 1343 1820 1372 καὶ

1055 1390 1085 1418 τὸ
1099 1392 1175 1427 σῶμα
1188 1390 1256 1418 ἅπαν
1271 1390 1413 1428 γυμνότητι
1429 1390 1473 1418 καὶ
1486 1392 1578 1429 κρυμῷ
1594 1394 1763 1429 τιμωρεῖται,
1774 1390 1820 1419 καὶ

1054 1438 1105 1465 τῶν
1121 1437 1260 1474 δεσμωτῶν
1277 1437 1376 1473 μᾶλλον
1396 1437 1506 1475 αὐχμῶν
1523 1436 1567 1464 καὶ
1581 1438 1669 1475 ῥυπῶν
1683 1438 1820 1475 πανταχοῦ

1055 1482 1187 1521 φαίνεται·
1200 1482 1245 1510 καὶ
1257 1482 1297 1511 ἀεὶ
1311 1485 1398 1522 Θρηνεῐ
1410 1483 1454 1510 καὶ
1469 1482 1602 1521 ὀδύρεται,
1616 1481 1705 1521 ὥσπερ
1715 1481 1820 1511 πάντων

1055 1528 1090 1557 ὢν
1102 1528 1256 1568 ἀθλιώτερος
1266 1551 1272 1562 ,
1286 1528 1334 1557 κᾶν
1348 1528 1453 1567 μυρίους
1467 1527 1636 1567 πενεστέρους
1648 1528 1706 1568 ἔχῃ.
1720 1524 1820 1563 Οὗτος,

1056 1575 1103 1603 κᾶν
1118 1577 1153 1608 εἷς
1165 1575 1260 1614 ἀγορὰν
1274 1575 1393 1613 ἐμίοίλλῃ
1403 1595 1410 1608 ,
1423 1573 1434 1589 ¹⁷
1443 1574 1553 1607 πολλοὺς
1562 1574 1649 1603 λαὸὼν
1661 1575 1751 1604 ἄπεισι
1760 1575 1821 1613 μώ-

1056 1623 1157 1655 λωπας·
1174 1621 1221 1650 κᾶν
1239 1622 1273 1654 εἷς
1293 1622 1445 1659 βαλανεῖον,
1465 1621 1513 1649 κᾶν
1531 1623 1566 1654 εἷς
1583 1621 1699 1660 θέατρον,
1713 1621 1821 1650 πλείονα

1055 1669 1167 1707 λήψεται
1188 1668 1340 1708 τραύματα,
1356 1670 1401 1697 οὐκ
1417 1668 1469 1697 ἀπὸ
1482 1670 1534 1697 τῶν
1555 1668 1718 1707 θεωρούντων
1734 1668 1821 1707 μόνον,

1056 1714 1124 1743 ἀλλὰ
1140 1715 1185 1743 καὶ
1204 1714 1256 1743 ἀπὸ
1270 1716 1320 1742 τῶν
1336 1714 1379 1743 ἐπὶ
1399 1716 1446 1748 τῆς
1462 1716 1576 1750 σκηνῆς,
1590 1713 1651 1743 ὅταν
1666 1714 1708 1752 ἴδῃ
1722 1713 1822 1746 πολλὰς

1055 1763 1105 1789 τῶν
1121 1760 1315 1799 πορνευομένων
1331 1763 1460 1798 γυναικῶν
1481 1759 1582 1800 χρυσίῳ
1607 1760 1820 1798 καταλαμπομέ-

1055 1818 1109 1838 νας.
1133 1801 1217 1838 Οὗτος
1240 1805 1288 1834 κᾶν
1307 1806 1353 1840 τὴν
1374 1805 1504 1834 Θάλατταν
1521 1806 1588 1844 πλέῃ
1599 1828 1605 1839 ,
1620 1805 1678 1838 τοὺς
1692 1805 1822 1845 ἐμπόρους

1055 1852 1134 1880 πάλιν
1149 1852 1193 1880 καὶ
1203 1851 1249 1884 τὰς
1263 1851 1442 1890 μυριαγώγους
1452 1854 1513 1883 ναῦς
1523 1853 1615 1880 ἐννοῶν
1624 1852 1668 1880 καὶ
1678 1851 1710 1880 τὰ
1724 1852 1821 1890 ἄπειροι

1056 1897 1134 1937 κέρδη
1144 1920 1150 1932 ,
1165 1896 1221 1925 οὐδὲ
1236 1899 1281 1935 ζῇν
1294 1897 1383 1925 ἑαυτὸν
1398 1896 1524 1935 ἡγήσεται
1535 1908 1541 1914 ·
1551 1896 1599 1926 κᾶν
1613 1897 1655 1926 διὰ
1666 1899 1714 1936 γῆς
1727 1897 1803 1936 ὁδεύῃ
1813 1920 1821 1933 ,

1056 1943 1114 1975 τοὺς
1135 1942 1244 1982 ἀγροὺς,
1274 1942 1307 1971 τὰ
1329 1942 1488 1981 προάστεια,
1513 1942 1547 1971 τὰ
1569 1943 1761 1982 καταλύματα,
1787 1943 1821 1972 τὰ

1058 1990 1197 2028 βαλανεῖα,
1211 1989 1257 2021 τὰς
1277 1991 1307 2017 ἐκ
1320 1988 1418 2017 τούτων
1434 1988 1575 2028 προσόδους
1592 1989 1822 2028 ἀναλογιζόμενος,

1057 2035 1167 2065 ἀὸίωτον
1181 2037 1266 2074 ἑαυτῷ
1285 2035 1327 2063 τὸν
1344 2035 1399 2073 βίον
1420 2034 1548 2073 ἡγήσεται
1571 2030 1637 2063 εἶναι
1652 2035 1741 2064 λοιπόν
1752 2047 1758 2053 ·
1772 2035 1821 2064 κᾶν

1057 2082 1122 2111 οἴκοι
1134 2081 1160 2110 δὲ
1176 2081 1352 2119 κατακλείσῃς
1362 2081 1447 2115 αὐτὸν,
1460 2081 1493 2109 τὰ
1509 2081 1561 2110 ἀπὸ
1577 2083 1624 2115 τῆς
1635 2081 1820 2121 ἀγορᾶςζτραύ-

1058 2139 1129 2166 ματα
1149 2126 1301 2162 ἀναξαίνων,
1323 2127 1382 2156 καθ’
1401 2127 1492 2156 ἑαυτὸν
1520 2127 1643 2165 μειζόνως
1668 2129 1822 2165 λυμανεῖται

1056 2174 1103 2209 τὴν
1122 2173 1208 2213 ψυχήν
1218 2185 1223 2190 ·
1236 2173 1280 2201 καὶ
1292 2173 1352 2210 μίαν
1367 2169 1419 2201 οἶδε
1433 2173 1600 2212 παραμυθίαν
1615 2173 1696 2211 μόνην
1709 2175 1765 2209 τῶνῦ
1773 2186 1821 2202 κα-

1057 2220 1184 2260 τεχόντων
1197 2220 1272 2248 αὐτὸν
1288 2220 1375 2247 κακῶν
1385 2241 1392 2254 ,
1409 2219 1452 2247 τὸν
1465 2219 1573 2248 θάνατον
1586 2219 1631 2247 καὶ
1645 2219 1692 2254 τὴν
1707 2220 1822 2248 ἐντεῦθεν

1059 2266 1224 2305 ἀπαλλαγήν.
1239 2266 1332 2294 Ταῦτα
1347 2265 1373 2293 δὲ
1386 2266 1435 2304 οὐχ
1445 2266 1458 2293 ὁ
1469 2264 1548 2300 πένης
1568 2264 1655 2303 μόνον,
1668 2265 1735 2294 ἀλλὰ
1749 2265 1794 2294 καὶ
1807 2267 1822 2294 ὁ
1836 2286 1839 2288 -

1059 2313 1181 2344 πλούσιος
1197 2314 1211 2340 ὁ
1230 2311 1314 2350 τούτῳ
1329 2310 1477 2350 περιπεσὼν
1491 2312 1528 2350 τῷ
1545 2310 1674 2348 νοσήματι
1688 2309 1822 2345 πείσεται,

1060 2360 1104 2388 καὶ
1115 2357 1229 2397 τοσούτῳ
1244 2359 1341 2396 μᾶλλον
1353 2360 1397 2386 τοῦ
1407 2355 1516 2392 πένητος
1524 2379 1532 2392 ,
1543 2355 1596 2396 ὅσῳ
1607 2356 1652 2385 καὶ
1663 2357 1822 2396 σφοδροτέρα

1061 2406 1189 2436 ἐπίκειται
1203 2404 1286 2443 τούτῳ
1299 2407 1316 2439 ἦ
1332 2404 1460 2442 τυραννὶς,
1479 2403 1524 2432 καί
1538 2403 1632 2432 πλείων
1649 2406 1666 2438 ἡ
1683 2403 1758 2442 μέθη.
1773 2403 1821 2432 Διὸ
1850 2407 1853 2410 “

1100 2518 1109 2527 t
1130 2511 1376 2544 [Λ.μά)17ταέτ7.ν]
