1891 2866
554 171 583 193 m
613 171 719 193 Elust'·
750 171 773 192 l.

91 236 143 265 οὐδ’
170 235 212 264 ἵνα
237 233 453 274 γαστριζώμεθα,
469 236 485 268 ἡ
500 233 581 272 τροφὴ
603 232 720 272 γέγονεν·
742 232 794 261 οὐδ’
814 230 857 259 ἵνα

94 282 246 319 διασπῶμεν
260 280 309 315 τὴν
331 280 446 319 γαστέρα
457 303 464 315 ,
488 279 521 308 τὰ
535 279 629 315 σιτία>·
639 279 683 308 τὸν
698 278 725 307 δὲ
739 277 839 314 πένητα
849 301 857 314 ,

93 326 136 354 τὸν
148 326 245 361 ἄθλιον,
257 325 300 354 τὸν
311 325 383 354 οὐδὲν
393 325 499 364 ἄμεινον
511 328 601 365 νεκροῦ
614 325 785 363 διακείμενον,
800 328 857 354 τοῦ·

92 384 136 401 τον
151 372 256 405 εὐθύνας
276 372 396 404 ἀπαιτεῖς
417 372 548 411 ἀκριὸεῖς,
570 372 657 401 καὶού
675 371 790 404 δέδοικας
812 374 856 401 τοῦ

93 420 206 459 Χριστοῦ
219 417 250 445 τὸ
263 417 431 456 δικαστήριον
446 418 475 446 τὸ
489 418 596 458 φρικτὸν
614 419 696 446 ἐκεῖνο
717 418 761 447 καὶ
782 418 858 457 9055-

94 466 135 506 ρόν
146 477 153 501 ;
169 464 220 494 Καὶ
231 464 281 504 γὰρ
294 466 315 493 εἶ
328 464 494 503 ὑποκρίνεται
504 487 511 501 ,
525 464 549 498 ἐξ
565 464 680 503 ἀνάγκης
693 464 859 504 ὑποκρίνεται

93 511 136 541 καὶ
147 511 246 544 ἐνδείας
265 511 308 540 διὰ
320 510 367 546 τὴν
385 511 510 548 ὠμότητα
524 511 571 546 τὴν
585 510 633 546 σὴν
649 511 693 540 καὶ
713 510 760 546 τὴν
777 512 860 540 ἀπαν-

91 556 208 597 θρωπίαν
220 556 266 592 τὴν
282 556 405 585 τοιούτων
421 557 545 595 δεομένην
566 557 748 596 προσωπείων,
762 557 809 593 τὴν
823 558 859 596 μὴ

92 602 275 641 ε’πικλωμένην
289 602 354 642 πρὸς
378 602 457 631 ἔλεον.
481 603 530 635 Τίς
551 603 601 641 γὰρ
615 602 696 636 οὕτως
709 603 796 636 ἅθλιος
815 602 860 632 καὶ

92 648 272 687 ταλαίπωρος,
287 650 322 681 ὡς
337 650 469 687 μηδεμιᾶς
484 649 600 687 ἀνάγκης
614 649 781 687 ἐπικειμένης
795 649 860 688 ὑπὲρ

92 696 147 729 ἑνὸς
158 695 237 734 ἄρτου
251 698 359 724 τοιαῦτα
371 697 531 734 ἀσχημονεῖν
546 695 591 724 καὶ
604 695 746 724 κόπτεσθαι
761 695 806 724 καὶ
819 707 861 724 το-

92 742 190 778 σαύτην
203 742 341 780 ὑπομένειν
354 742 445 777 δίκην;
461 742 542 771 ussere
553 744 569 776 ἡ
582 742 719 781 ὑπόκρισις
733 745 749 778 ἡ
764 743 861 772 ἐκείνου

90 789 137 823 τῆς
162 790 209 823 σῆς
224 788 411 827 ἀπανθρωπίας
426 787 593 828 περιέρχεται
616 788 756 827 γιγνομένη
773 788 863 828 κη’ρυξ.

92 833 203 870 Ἐπειδὴ
215 834 266 874 γὰρ
276 834 399 863 ἱκετεύων
413 834 457 862 καὶ
471 835 591 872 λιπαρῶν
607 834 653 863 καὶ
665 834 763 863 ἐλεεινὰ
775 835 863 874 προϊέ-

93 891 169 919 μενος
183 880 289 919 ῥήματα
309 881 353 909 καὶ
370 880 524 919 ὀδυρόμενος
548 881 592 909 καὶ
616 880 736 919 δακρύων
759 881 804 909 καὶ
829 882 862 910 δι’

92 926 157 960 ὅλης
176 925 284 965 περιιὼν
302 929 347 961 τ’ῆς
359 926 475 966 ἡμέρας,
490 926 547 954 οὐδὲ
561 928 608 960 τῆς
625 926 769 964 ἀναγκαίας
783 928 863 955 εὐπο-

93 977 131 1013 ρεῖ
144 974 253 1011 τροφῆς,
268 971 408 1007 ἐπενόησεν
421 971 482 1005 ἴσως
496 972 540 1000 καὶ
554 971 651 1007 ταύτην
668 972 715 1007 την
730 973 862 1012 μηχανὴν,

92 1019 139 1047 οὗκ
153 1017 242 1058 ἐκείνῳ
262 1017 401 1053 τοσαύτην,
415 1017 478 1053 ὅσην
493 1018 548 1053 σοὶ,
565 1018 690 1057 φέρουσαν
705 1019 752 1054 τὴν
775 1022 860 1059 ἀσχη-

92 1064 205 1103 μοσύνην
217 1064 261 1092 καὶ
276 1063 324 1099 τὴν
339 1063 508 1104 κατηγορίαν.
524 1064 641 1097 Ἐκεῖνος
657 1064 702 1102 μὲν
715 1065 766 1104 γὰρ
778 1066 861 1094 ἐλεεῖ-

90 1113 150 1140 σθαι
171 1110 285 1146 δίκαιος,
307 1110 348 1139 ὅτι
376 1112 410 1142 εἷς
426 1109 557 1145 τοσαύτην
583 1112 713 1144 κατῆλθεν
729 1112 861 1150 ἀνάγκην·

90 1159 167 1195 ἡμεῖς
194 1156 220 1186 δὲ
246 1156 344 1195 μυρίων
371 1156 439 1189 ἄξιοι
464 1158 608 1196 τιμωριῶν,
623 1156 663 1185 ὅτι
676 1156 734 1190 τοὺς
751 1157 865 1194 πένητας
883 1170 901 1193 C

92 1205 200 1232 τοιαῦτα
215 1202 358 1241 βιαζόμεθα
371 1202 493 1242 πάσχειν.
508 1204 542 1231 Εἰ
561 1202 613 1243 γὰρ
627 1202 654 1236 ἐξ
671 1203 790 1237 εὐκολίας
802 1206 863 1233 ἐπε-

92 1248 216 1286 κλώμεθα
225 1271 232 1284 ,
247 1249 293 1277 οὐκ
308 1248 338 1277 ἄν
362 1260 427 1277 ποτε
441 1248 525 1278 εἵλετο
541 1251 636 1282 ἐκεῖνος
649 1252 756 1278 τοιαῦτα
770 1250 865 1288 ὑπομέ-

803 169 847 191 At)
874 169 947 190 (Lon.

979 169 1094 190 noant.
1126 169 1194 191 xm.
1586 166 1654 199 ’.ΜΩ

912 240 993 268 quam
1005 236 1150 265 mortuum,
1166 229 1253 263 illum,
1267 228 1384 267 inquam,
1397 228 1431 257 aul
1443 235 1562 256 exactam
1574 226 1652 255 ratio-

912 286 971 304 nem
987 275 1151 304 reddendam
1168 275 1260 314 cogis;
1278 286 1325 303 nec
1340 275 1435 303 metuis
1451 274 1550 303 Christi
1568 272 1653 301 tribu-

912 322 956 351 nal
974 322 1043 351 illud
1056 321 1220 350 horrendum
1234 328 1259 350 et
1273 321 1465 350 formidabile?
1487 322 1555 350 Nam
1570 320 1590 348 si
1615 319 1653 347 si-

913 368 1007 402 mulat,
1024 379 1058 396 ex
1079 368 1232 396 necessitate
1250 374 1274 396 et
1288 374 1401 405 egestate
1419 366 1537 402 simulat,
1549 366 1586 394 eb
1601 366 1654 394 im-

912 414 1066 443 manitatem
1081 421 1106 443 et
1120 414 1250 443 saevitiam
1260 421 1344 448 tuam,
1352 424 1411 452 quae
1424 412 1577 451 hujusmodi
1588 423 1655 451 opus

912 461 993 490 hahet
1003 461 1097 496 larvis,
1111 471 1169 499 quae
1184 471 1236 489 non
1254 460 1370 488 sseetitur
1385 459 1418 488 ad
1434 458 1654 488 inisericordiam.

914 507 983 542 Quis
1003 507 1073 536 enim
1092 507 1157 536 adeo
1171 506 1251 535 miset·
1268 513 1307 534 est
1319 513 1343 534 et
1358 505 1464 541 infelix,
1481 512 1508 533 ut
1528 505 1602 533 nulla
1615 505 1654 532 in-

915 560 1000 582 stante
1020 553 1172 582 necessitate
1190 564 1239 592 pro
1254 563 1306 580 uno
1329 563 1396 591 pane
1417 559 1471 580 tam
1493 551 1616 580 indecore
1630 562 1656 579 se

916 604 998 636 gerat,
1013 597 1144 637 pulsetur,
1156 603 1180 626 ct
1201 604 1288 626 tantas
1302 597 1432 625 sustineat
1450 596 1560 635 poenas?
1580 595 1656 624 Illius

917 645 1005 683 itaque
1015 644 1150 673 simulatio
1164 644 1257 673 circuit
1269 643 1490 672 inhumanitatem
1501 650 1575 671 tuam
1590 653 1657 681 prce>

915 692 1016 721 dicans.
1034 692 1104 729 Quia
1119 691 1189 720 enim
1205 691 1368 731 supplicans,
1378 691 1525 727 obsecrans,
1541 697 1565 718 et
1580 689 1658 718 mise-

917 738 1013 768 rabilia
1035 738 1156 767 cmitteus
1180 738 1270 774 verba,
1285 738 1447 774 lamentans,
1469 737 1621 776 lacrymans
1635 743 1659 764 et

917 796 964 825 per
979 792 1062 814 totam
1081 784 1152 813 diem
1169 784 1336 821 circumiens,
1354 794 1387 812 ne
1400 783 1576 812 necessarium
1597 782 1657 821 qui-

917 831 978 860 dem
994 831 1097 860 invenit
1119 831 1286 867 alimentum,
1316 830 1384 859 hanc
1406 830 1518 858 sortasse
1537 829 1658 858 technam

917 877 1158 915 excogitavit‚qua:
1168 887 1218 905 nou
1231 884 1334 905 tantum
1353 876 1404 912 illi,
1413 883 1543 914 quantum
1558 875 1606 904 tibi
1621 875 1660 903 as-

917 923 966 951 sert
976 922 1090 952 dedecus
1101 930 1125 952 et
1137 923 1274 962 probrum.
1285 923 1361 950 Illius
1370 922 1441 950 enim
1454 929 1481 950 ut
1490 922 1661 950 misereamur

918 981 1023 1008 aequum
1039 977 1086 1006 est,
1101 970 1163 1008 qnia
1179 970 1205 998 in
1220 976 1320 998 tantam
1332 969 1455 998 redactus
1472 976 1509 997 est
1522 969 1661 997 necessita-

918 1023 986 1045 tem:
998 1028 1044 1045 nos
1060 1028 1124 1046 vero
1137 1016 1209 1045 mille
1223 1015 1363 1055 suppliciis
1376 1015 1464 1054 digni,
1478 1015 1542 1052 quia
1561 1025 1660 1054 paupe-

918 1073 958 1091 res
972 1062 1006 1091 ad
1016 1063 1074 1090 hace
1086 1062 1206 1091 facienda
1225 1062 1353 1100 cogimus.
1363 1062 1431 1090 Nam
1445 1061 1466 1089 si
1484 1061 1560 1089 facile
1574 1061 1661 1089 flecte-

918 1119 1018 1144 remur,
1038 1119 1186 1147 numquam
1207 1108 1253 1136 ille
1277 1108 1357 1137 vellet
1385 1107 1447 1136 talia
1470 1107 1609 1136 sustinere.
1627 1107 1663 1135 Et

919 1155 984 1194 quid
1007 1155 1067 1184 dieo
1091 1155 1241 1184 nuditatem
1261 1161 1286 1183 et
1310 1154 1475 1183 tremorem?
1490 1153 1570 1190 Quod
1592 1153 1663 1182 enim

919 1202 997 1241 louge
1012 1202 1170 1232 horribilius
1183 1209 1221 1231 est
1231 1202 1319 1231 dicam
1329 1215 1334 1229 ι
1343 1202 1427 1231 eoacti
1441 1209 1502 1231 sunt
1512 1202 1622 1241 quidam
1633 1202 1661 1230 fi-

919 1249 970 1278 lios
982 1260 1114 1278 excaecare
1135 1257 1211 1278 aetate
1229 1250 1403 1285 immaturos,
1415 1257 1444 1278 ut
1459 1249 1486 1277 in
1500 1256 1578 1278 tantae
1594 1248 1663 1278 cala-

92 1306 154 1323 νειν.
166 1295 219 1324 Καὶ
230 1295 256 1324 τί
267 1295 337 1331 λέγω
351 1294 483 1334 γύμνωσιν
496 1296 540 1324 καὶ
554 1295 664 1334 τρόμονς
682 1296 722 1325 Τὸ
735 1295 786 1335 γὰρ
800 1295 863 1325 τού-
918 1296 1018 1325 mitatis
1032 1307 1138 1325 sensum
1154 1296 1314 1326 veniremus.
1331 1296 1400 1331 Quia
1415 1296 1487 1325 enim
1506 1296 1626 1325 videntes
1638 1303 1662 1324 et
1715 1306 1812 1334 Qnutim

92 1351 137 1369 του
153 1340 358 1381 φρικωδέστερον
371 1343 431 1380 ἐρῶ,
439 1341 532 1371 ὅτικαὶ
548 1342 644 1375 παῖδας
658 1342 863 1380 ἠναγκάσθησαν
919 1343 986 1372 nudi
999 1343 1201 1380 circumeuntes,
1217 1354 1302 1382 neque
1318 1354 1352 1371 ex
1367 1350 1444 1371 aetate
1472 1354 1557 1381 neque
1572 1354 1606 1372 ex
1620 1354 1662 1371 ca·
1672 1339 1719 1359 ‘³⁵¹²'
1743 1347 1763 1358 ¹¹¹
1795 1345 1816 1355 ’⁶

92 1387 216 1427 πηρῶσαί
226 1399 293 1420 τινες
307 1387 390 1427 ἄωρον
403 1388 513 1426 ἄγοντας
525 1388 640 1424 ἡλικίαν,
655 1388 697 1416 ἵνα
708 1391 754 1423 τῆς
767 1389 864 1426 ἡμετέ-
917 1389 1037 1419 lamitate
1059 1389 1283 1418 immisericordes
1308 1389 1490 1426 attrahebant,
1522 1396 1557 1418 tot
1586 1388 1662 1418 malis
1673 1372 1816 1423 'fflsldizfii'ssj

94 1444 140 1472 ρας
152 1433 323 1469 ἀναισθησίας
345 1437 513 1463 καθίκωνται.
529 1434 639 1470 Ἐπειδὴ
660 1434 710 1474 γὰρ
725 1434 864 1474 βλέποντες
918 1436 998 1464 aliam
1009 1435 1160 1475 graviorem
1171 1435 1329 1474 tragoediam
1340 1434 1513 1468 addiderunt,
1524 1442 1553 1464 ut
1566 1436 1663 1464 samem
1674 1443 1722 1462 {¹⁰¹⁰
1752 1441 1814 1459 (Μέθ-

1658 1482 1662 1486 .
1674 1473 1730 1488 teut-

93 1479 138 1508 καὶ
163 1479 256 1519 γυμνοῖ
283 1481 428 1519 περιιόντες
439 1504 445 1517 ,
470 1481 528 1510 οὔτε
545 1481 598 1510 ἀπὸ
612 1483 660 1516 τῆς
683 1481 787 1516 ἡλικίας
805 1480 864 1510 οὔτε

93 1525 146 1554 ἀπὸ
159 1528 205 1561 τῆς
219 1531 354 1566 συμφορᾶς
366 1527 550 1556 ἐπεσπάσαντο
564 1526 623 1559 τοὺς
636 1528 753 1563 ἀνηλεεῖς
765 1550 771 1563 ,
784 1539 864 1566 προσ-

94 1571 189 1607 έθηκαν
217 1577 270 1605 τοῖς
293 1572 423 1605 τοσούτοις
445 1577 535 1606 κακοῖς
564 1573 654 1612 ἑτέραν
676 1573 864 1612 χαλεπωτέραν

93 1617 251 1658 τραγῳδίαν,
272 1618 315 1647 ἵνα
334 1618 435 1647 λύσωσι
457 1618 500 1647 τὸν
519 1620 606 1657 λιμὸν,
623 1619 777 1658 κουφότερον
798 1615 864 1648 εἶναι

93 1663 240 1702 νομίζοντες
263 1665 458 1703 ἀπεστερῆσθαι
487 1669 532 1694 τοῦ
557 1669 643 1694 κοινοῦ
667 1665 758 1694 τούτου
781 1666 864 1703 φωτὸς

94 1709 139 1739 καὶ
160 1712 207 1744 τῆς
232 1715 298 1739 πᾶσι
322 1710 462 1749 δεδομένης
486 1712 606 1747 ἀκτῖνος,
621 1711 638 1746 ἢ
657 1712 728 1752 λιμῷ
742 1712 864 1740 παλαίειν

94 1757 208 1791 διηνεκεῖ
217 1756 261 1785 καὶ
273 1755 317 1784 τὸν
328 1757 456 1786 οἴκτιστον
468 1757 606 1795 ὑπομένειν
620 1758 739 1787 θάνατον.
753 1757 863 1794 Ἐπειδὴ

93 1801 145 1842 γὰρ
159 1803 188 1830 οὐ
199 1801 288 1830 πενίαν
299 1802 409 1841 ἐμάθετε
423 1804 514 1838 ἐλεεῖν,
526 1803 595 1832 ἀλλὰ
609 1803 750 1843 τέρπεσθαι
765 1816 864 1844 συμφο-

95 1851 167 1886 ραῖς,
183 1848 327 1887 πληροῦσιν
342 1850 414 1886 ὑμῶν
429 1848 476 1884 τὴν
498 1849 638 1888 ἀκόρεστον
654 1850 803 1888 ἐπιθυμίαν,
820 1850 864 1881 καὶ

94 1895 195 1927 ἑαυτοῖς
209 1892 273 1922 1’καὶ
285 1896 346 1932 ὑμῖν
358 1894 548 1934 χαλεπωτέραν
561 1897 608 1930 τῆς
619 1895 724 1935 γεέννης
735 1897 865 1926 ἀνάπτον-

93 1951 136 1973 τες
147 1939 194 1975 τὴν
209 1939 302 1979 φλόγα.
329 1940 381 1969 Καὶ
394 1941 436 1970 ἵνα
454 1941 555 1979 μάθητε
579 1941 619 1970 ὅτι
633 1941 676 1971 διὰ
692 1945 769 1971 τοῦτο
781 1946 864 1971 ταῦτα

94 1985 192 2024 γίνεται
206 1986 251 2014 καὶ
264 1986 297 2015 τὰ
317 1990 440 2023 τοιαῦτα,
454 1987 595 2027 τεκμήριον
611 1989 672 2026 ὑμῖν
687 1989 864 2028 ὡμολογημέ-

94 2043 137 2060 νον
151 2033 216 2071 ἕρῶ,
230 2031 295 2072 πρὸς
307 2033 320 2062 ὃ
336 2033 427 2071 μηδεὶς
441 2035 550 2074 ἀντερεῖ.
567 2034 640 2063 Εἰσὶν
655 2034 740 2075 ἕτεροι
756 2036 865 2071 πένητες

95 2081 185 2117 κοᾶροι
205 2079 251 2107 καὶ
265 2078 390 2119 μετέωροι
404 2079 451 2113 τὰς
464 2080 566 2120 ψυχὰς,
582 2080 627 2110 καὶ
641 2083 687 2110 οὐκ
702 2082 798 2116 εἰδότες
819 2083 865 2122 φέ-

97 2135 149 2164 ρειν
162 2124 249 2162 λιμὸν,
262 2125 329 2154 ἀλλὰ
340 2125 426 2154 πάντα
439 2128 549 2165 μᾶλλον,
563 2127 579 2163 ἢ
591 2130 668 2157 τοῦτο
683 2129 864 2167 ὑπομένοντες.

95 2166 177 2199 Οἷτοι
189 2171 314 2204 πολλάκις
324 2173 385 2209 ὑμῖν
400 2173 518 2206 ἐλεεινοῖς
536 2173 581 2202 καὶ
591 2173 712 2213 σχήμασι
722 2174 766 2203 καὶ
778 2176 863 2214 ῥημα-

95 2228 137 2246 σιν
151 2217 316 2256 ἐντυχόντες,
333 2218 424 2254 ἐπειδὴ
447 2219 520 2248 οὐδὲν
541 2219 645 2255 ὤνησαν
660 2221 707 2254 τὰς
731 2222 864 2262 ἱκετηρίας
881 2236 900 2259 Ε

95 2263 202 2303 ἀφέντες
217 2264 316 2298 ἐκείνας
325 2287 332 2300 ,
345 2263 403 2298 τοὺς
417 2266 624 2304 θαυματοποιοὺς
640 2269 700 2306 ὑμῖν
711 2268 801 2298 λοιπὸν
813 2281 864 2298 πα-

95 2309 224 2350 ρήλασαν,
247 2311 271 2339 οἵ
294 2310 341 2349 μὲν
364 2310 483 2351 δέρματα
506 2312 683 2350 ὑποδημάτων
711 2314 865 2353 μασώμενοι

93 2355 290 2393 πεπονηκότων,
303 2358 326 2386 οἱ
338 2356 365 2385 δὲ
377 2357 444 2386 κατὰ
458 2360 506 2392 τῆς
516 2359 631 2397 κεφαλῆς
644 2358 722 2394 ἥλους
733 2360 798 2394 ὀξεῖς
809 2362 866 2390 δια-

93 2401 226 2441 πείροντες
237 2425 244 2439 ,
260 2402 343 2442 ἕτεροι
366 2403 514 2442 πεπηγόσιν
530 2403 622 2433 ὕδασιν
643 2406 694 2434 ὑπὸ
705 2409 749 2435 τοῦ
765 2411 865 2446 κρυμοῦ

94 2450 179 2487 γυμνῇ
204 2451 236 2488 τῇ
260 2449 356 2490 γαστρὶ
372 2451 593 2489 προσομιλοῦντες
603 2472 610 2486 ,
634 2451 708 2481 ἄλλοι
734 2452 762 2481 δὲ
786 2453 863 2494 ἕτερα

95 2494 249 2534 ἀτοπώτερα
263 2495 360 2525 τούτων
375 2496 563 2534 ὑπομένοντες,
574 2497 617 2526 ἵνα
626 2496 656 2526 τὸ
670 2499 781 2538 πονηρὸν
793 2512 867 2540 περι-

96 2540 213 2575 στήσωσι
230 2542 346 2580 θέατρον.

132 2607 143 2624 ²³
160 2607 218 2639 Reg.
235 2612 341 2640 satagi-1.

919 1481 1056 1518 sedarent,
1071 1481 1157 1511 levius
1172 1492 1227 1510 csse
1251 1482 1434 1510 existimantes
1455 1482 1505 1510 hae
1528 1493 1664 1511 communi

918 1528 977 1556 luce
988 1535 1013 1556 et
1023 1528 1148 1556 omnibus
1167 1538 1289 1556 concesso
1299 1528 1375 1557 radio
1388 1529 1502 1568 privari,
1510 1540 1591 1567 quam
1603 1540 1663 1557 cum

918 1581 1045 1613 perpetua
1067 1575 1138 1602 same
1158 1573 1254 1602 luctari
1273 1581 1299 1602 et
1319 1581 1431 1602 mortem
1444 1575 1535 1604 subire
1546 1576 1664 1604 miserri-

918 1631 999 1648 mam.
1013 1619 1084 1655 Quia
1095 1619 1167 1648 enim
1179 1631 1230 1648 non
1240 1619 1373 1648 didicistis
1385 1620 1503 1649 misereri
1520 1629 1662 1661 pauperta-

918 1666 961 1702 tis,
981 1665 1027 1694 sed
1046 1665 1243 1695 calamitatibus
1263 1665 1403 1701 delectari,
1416 1667 1595 1696 insatiabilem
1613 1680 1662 1697 ve-

918 1719 1001 1741 stram
1011 1712 1123 1752 implent
1135 1711 1319 1751 cupiditatem,
1330 1719 1355 1740 et
1368 1712 1420 1740 sibi
1433 1719 1458 1741 et
1470 1713 1546 1743 vobis
1562 1714 1662 1753 gehen-

917 1769 951 1787 na
967 1758 1118 1797 graviorem
1133 1757 1301 1787 incendentes
1322 1758 1466 1788 flammam.
1485 1759 1520 1788 Et
1534 1767 1562 1788 ut
1576 1760 1662 1789 disca-

918 1806 961 1842 tis,
974 1805 1031 1834 haec
1052 1812 1077 1834 et
1102 1805 1201 1834 similia
1221 1805 1282 1834 ideo
1303 1806 1463 1845 contingere,
1474 1815 1662 1846 argumentum

918 1853 995 1882 vobis
1006 1853 1138 1892 proferam
1150 1852 1222 1891 quod
1236 1852 1260 1881 in
1274 1853 1391 1882 consessu
1402 1853 1448 1891 sit,
1459 1853 1503 1882 eui
1511 1865 1588 1883 nemo
1599 1866 1662 1884 eon-

917 1899 1038 1929 tradicet.
1060 1900 1130 1928 Sunt
1144 1899 1190 1927 alii
1201 1910 1329 1939 pauperes
1343 1899 1413 1930 leves
1427 1900 1569 1939 animoque
1588 1902 1660 1938 elati,

917 1946 963 1984 qui
977 1945 1073 1974 samem
1087 1946 1154 1974 ferre
1165 1947 1294 1980 nesciunt,
1308 1945 1355 1974 sed
1368 1946 1456 1974 omnia
1478 1947 1566 1986 potius
1580 1959 1661 1986 quant

917 1992 968 2021 hoc.
981 1991 1130 2031 patiuntur.
1148 1991 1183 2020 lli
1194 2002 1263 2030 saepe
1278 2002 1324 2021 vos
1335 1992 1531 2022 miserabilibus
1543 2001 1566 2022 et
1578 1995 1660 2033 gesti-

918 2039 991 2067 tibus
1013 2045 1037 2066 et
1052 2038 1140 2067 verbis
1168 2038 1304 2072 adeuntes,
1327 2049 1387 2067 cum
1412 2039 1481 2068 nihil
1504 2041 1659 2079 consequuti

918 2092 1015 2122 essent,
1031 2084 1119 2113 missis
1133 2084 1381 2124 supplicationibus,
1396 2086 1602 2125 praestigiatores
1615 2086 1661 2115 de-

919 2141 994 2159 mum
1009 2130 1087 2170 lunge
1102 2138 1172 2159 retro
1194 2130 1373 2169 reliquerunt,
1392 2131 1437 2160 alii
1461 2132 1570 2171 quidem
1586 2144 1659 2162 man-

917 2177 1008 2206 dentes
1024 2178 1094 2206 coria
1108 2176 1265 2206 (leti-iterum
1278 2177 1436 2214 calceorum,
1447 2179 1493 2207 alii
1506 2187 1596 2207 acutos
1606 2180 1660 2208 cla-

918 2235 965 2254 vos
980 2224 1005 2253 in
1018 2231 1097 2264 caput
1109 2223 1257 2263 infigentes,
1268 2224 1314 2252 alii
1326 2224 1353 2253 in
1367 2225 1444 2263 aquis
1459 2225 1517 2264 gelu
1533 2226 1659 2255 concretis

918 2271 989 2300 nudo
1011 2278 1101 2301 ventre
1125 2271 1312 2309 i1111u01·a1ues;
1331 2271 1377 2300 alii
1395 2279 1483 2300 autem
1508 2272 1549 2301 his
1563 2273 1658 2301 absur-

917 2317 993 2347 diora
1011 2325 1036 2347 et
1049 2317 1183 2346 acerbiora
1196 2317 1364 2355 sustinentes,
1378 2324 1406 2347 ut
1418 2318 1569 2358 improbum
1583 2319 1659 2348 exhi-

916 2366 997 2395 beant
1010 2366 1200 2406 spectaculum.
