1906 2866
100 2185 120 2199 2.
131 2178 186 2199 Cor.
203 2183 223 2199 ι.

98 2210 137 2231 23.

243 179 315 223 544
587 190 615 212 s.

242 250 324 287 Quod
345 250 436 289 itaque
459 249 516 278 haec
529 250 610 279 verba
627 251 739 290 pulchre
755 263 815 281 cum
840 248 984 290 superiori-

241 297 293 325 bus
308 297 474 331 cobaereant,
492 296 556 324 hinc
576 298 716 336 perspicue
732 305 821 336 patet,
836 296 908 335 quod
931 305 983 323 au-

244 351 298 373 tem
324 345 407 373 Paulo
432 354 483 372 non
508 343 618 382 indigna
645 345 708 378 sint,
735 345 763 373 id
789 354 893 382 quoquc
920 342 983 380 pla-

241 399 307 417 num
323 390 409 418 facere
423 389 547 417 conabor.
562 390 651 427 Neque
666 390 737 418 enim
755 390 804 418 hoc
818 389 894 421 dicit,
912 385 983 424 quod

242 435 300 463 Titi
314 435 432 463 absentia
442 445 545 469 eoi-mn,
559 435 604 472 qui
616 435 648 463 ad
663 435 741 463 (idem
752 434 882 463 accessuri
896 439 981 464 erant,

240 481 320 509 saluti
342 492 443 509 moram
465 480 603 517 attulerit,
621 491 667 508 nec
686 480 758 518 quod
779 487 918 519 propterea
939 488 982 505 eos

241 526 288 563 qui
304 526 385 554 fidem
400 520 568 564 susceperant
588 525 772 560 contemserit,
788 524 834 552 sed
854 523 927 561 quod
942 533 983 550 re-

243 571 333 608 quiem
351 582 402 599 non
422 571 563 605 habuerit,
584 570 633 597 hoc
647 577 702 605 est,
724 571 759 597 ob
772 569 861 597 fratris
883 569 982 596 absen—

242 616 307 644 tiam
322 617 348 644 in
363 616 506 644 afflictione
520 626 550 643 ae
562 614 653 642 dolore
665 621 785 643 versatus
797 615 831 642 sit
842 626 849 649 ;
861 614 924 641 hine
939 613 984 641 ni-
1001 632 1007 638 -

242 662 341 690 mirum
357 661 495 689 ostendens
516 659 609 698 quanti
624 660 750 688 momenti
771 660 805 688 sit
822 660 912 688 fratris
933 659 982 687 ab-

243 706 343 741 sentia;
365 713 444 743 atque
459 705 517 733 ideo
538 705 612 732 illinc
631 705 781 733 excesserit.
801 705 875 739 Quid
894 711 982 732 autem

244 752 300 780 haec
314 751 394 779 verba
406 751 458 778 sibi
471 750 564 778 volunt
576 772 582 786 ,
598 751 670 778 Cum
687 753 826 779 venissem
842 751 983 778 Troadem

242 804 360 836 propter
381 798 565 835 evangelizari,
578 801 590 825 P
620 799 678 825 Non
697 820 705 833 ,
725 798 824 836 inquit,
841 805 938 826 temere
953 808 983 826 eo

242 844 375 881 profectus
390 853 449 870 sum
460 865 467 877 ‚
486 842 531 870 sed
548 849 578 870 ut
589 842 773 882 praedicarem.
791 843 827 871 Et
847 850 935 871 tamen
948 843 984 871 li—

242 894 323 916 cetea
340 887 374 915 de
388 898 466 915 causa
486 898 516 916 eo
532 898 573 916 me
589 889 772 924 contulissem,
786 899 817 917 ac
833 890 983 917 maximum

240 943 307 972 opus
329 933 502 971 reperissem,
531 934 644 961 Ostium
666 933 737 962 enim
758 935 831 962 mihi
851 941 982 973 apertum

240 985 313 1007 esset
325 981 356 1006 in
368 979 516 1011 Domino;
529 980 597 1006 „Non
608 980 700 1007 habui
713 982 840 1018 requiem
849 1002 858 1015 ,
875 980 962 1018 inquit
976 992 982 1007 z

240 1025 346 1052 tametsi
359 1034 410 1052 non
424 1031 563 1063 propterea
574 1035 640 1064 opus
656 1025 818 1064 impeditum
828 1026 915 1054 fucrit.
927 1027 983 1054 Cur

242 1079 306 1108 ergo
317 1069 395 1104 dicit,
413 1071 460 1097 15.
475 1070 664 1109 Valesaciens
682 1073 723 1099 eis
733 1093 742 1106 ,
757 1073 837 1099 abii?
853 1072 910 1100 Hoc
927 1079 979 1108 est,

240 1126 296 1155 pra:
310 1116 393 1144 animi
407 1116 530 1154 angustia
544 1127 575 1145 ac
589 1117 680 1146 dolore
697 1129 749 1146 nou
769 1118 898 1147 diuturno
912 1126 981 1147 tem—

241 1171 305 1199 pore
316 1161 371 1189 illic
383 1168 501 1189 moratus
511 1172 579 1189 sum.
591 1165 628 1191 Ac
639 1163 751 1192 fortasse
764 1164 842 1192 etiam
854 1164 928 1192 illius
937 1165 982 1192 ab·

247 1206 331 1234 sentia
367 1208 473 1244 negotio
504 1207 727 1245 impedimentum
762 1210 899 1238 afferebat.
926 1210 983 1238 Hoc

243 1262 325 1289 porro
343 1262 395 1280 non
413 1262 504 1290 parvae
524 1263 630 1290 quoque
645 1254 819 1282 consolationi
833 1255 900 1293 ipsis
916 1263 980 1284 erat.

244 1297 313 1324 Nam
327 1297 365 1333 si,
383 1307 443 1324 cum
459 1297 527 1325 fores
548 1298 604 1326 illic
619 1305 716 1337 apertae
737 1306 838 1335 essent,
854 1307 934 1338 atque
948 1301 983 1329 ol)

243 1352 301 1370 eam
322 1353 429 1370 causam
444 1343 568 1380 venisset,
581 1344 706 1381 quoniam
726 1345 833 1373 fratrem
847 1356 898 1374 non
910 1347 985 1374 inve-

243 1389 298 1427 nit,
319 1390 457 1418 confestim
477 1390 619 1425 abscessit,
644 1392 729 1420 multo
745 1393 848 1430 mquius
871 1401 923 1430 est,
941 1394 983 1422 in-

245 1434 321 1472 quit,
338 1445 386 1463 vos
401 1435 568 1473 negotiorum
583 1437 715 1474 angustiis
734 1448 765 1465 ac
784 1439 986 1467 necessitatibus

242 1479 388 1518 ignoscere,
396 1490 454 1517 quae
463 1491 509 1508 nos
517 1491 732 1518 quaquaversum
742 1490 825 1520 agunt
834 1494 864 1512 ac
875 1484 990 1512 circum-

243 1532 340 1563 agunt,
355 1536 402 1554 nec
425 1526 461 1554 ad
479 1537 522 1554 eos
545 1538 612 1564 quos
634 1528 760 1556 volumus
783 1530 913 1558 arbitratu
937 1541 986 1559 no-

243 1577 297 1598 stro
312 1570 461 1609 proficisci,
474 1582 504 1599 ac
518 1571 620 1600 diutius
635 1572 708 1611 apud
719 1584 762 1601 eos
775 1576 874 1602 morari
886 1576 986 1604 sinunt.

243 1615 324 1644 Unde
337 1616 429 1653 etiam,
442 1623 561 1655 utsupra
573 1618 700 1656 Spiritui,
712 1618 748 1646 ita
760 1619 804 1648 hic
813 1631 918 1658 quoque
930 1623 985 1650 Deo

243 1663 471 1702 peregrinationes
485 1674 545 1692 suas
559 1664 729 1702 adscribens,
746 1666 804 1694 haec
822 1668 963 1706 subjungit
977 1681 983 1696 ε

246 1709 292 1736 ll«.
304 1710 368 1737 Deo
384 1716 482 1737 alitem
495 1712 624 1748 gratias,
642 1713 692 1749 qni
703 1722 814 1750 semper
826 1715 987 1752 triumphat

246 1765 296 1783 nos
312 1757 342 1782 in
358 1756 474 1783 Christo
485 1756 573 1792 Jesu,
587 1763 615 1784 et
626 1758 732 1785 bonum
746 1758 862 1786 odorem
878 1762 988 1788 notitiae

244 1811 304 1828 suoe
324 1802 497 1839 manifestat
509 1812 564 1838 per
582 1812 635 1829 nos
649 1804 681 1829 in
696 1805 775 1830 omni
793 1804 865 1832 loco.
878 1805 987 1833 Etenim

246 1856 281 1873 ne
296 1852 433 1883 tamquam
452 1846 545 1883 lugens
558 1846 616 1875 hmo
626 1847 766 1886 deplorare
776 1849 910 1887 videatur,
927 1861 988 1889 gra-

246 1890 298 1918 tias
312 1891 369 1918 Deo
381 1890 444 1928 agit.
462 1891 545 1924 Quod
558 1899 646 1920 autem
663 1893 719 1929 ait,
733 1893 804 1921 hune
817 1905 923 1923 sensum
938 1896 986 1924 ha-

248 1935 295 1964 bet
313 1947 318 1962 :
337 1935 437 1973 ubique
457 1936 582 1972 afflictio,
600 1937 700 1975 ubique
725 1939 845 1967 anxietas
861 1952 866 1967 :
882 1941 943 1968 veni
960 1942 987 1970 in

246 1980 350 2017 Asiam,
365 1987 490 2018 gravatus
505 1992 564 2009 sum
574 1992 655 2020 supra
666 1983 737 2011 vires
749 1995 755 2010 :
766 1984 827 2012 veni
840 1985 987 2024 Troadem,

246 2026 355 2054 fratrem
380 2036 432 2054 non
447 2026 538 2054 inveni
555 2038 560 2053 ε
576 2026 609 2055 ad
628 2038 675 2055 vos
691 2039 742 2056 non
762 2029 842 2066 veni,
856 2030 906 2058 hoc
921 2042 988 2069 quo-

249 2082 302 2108 que
313 2081 365 2099 non
380 2082 507 2110 parvam,
522 2072 575 2100 imo
590 2083 717 2111 perquam
731 2075 864 2112 ingentem
883 2077 987 2105 moesti-

247 2117 313 2145 tiam
322 2117 389 2145 mihi
400 2117 500 2154 attulit,
512 2124 569 2146 tum
579 2119 651 2156 quod
663 2120 741 2147 multi
751 2121 824 2158 apud
837 2132 884 2149 vos
894 2133 988 2161 pecca-

249 2163 346 2196 verint‚
361 2169 419 2190 tum
427 2162 500 2200 quod
512 2163 571 2191 ideo
580 2174 627 2193 vos
644 2164 753 2193 minime
766 2166 881 2195 viderim
898 2179 903 2194 :
918 2169 990 2197 Par-

250 2218 317 2236 cens
331 2207 402 2235 enim
417 2209 500 2236 vobis
517 2218 576 2236 noa
594 2211 659 2237 veni
678 2210 868 2248 Corinthum,
890 2212 987 2251 inquit.

251 2254 340 2288 Quare
349 2263 381 2281 ne
394 2253 452 2281 haec
463 2264 511 2292 per
520 2253 729 2293 deplorationem
741 2256 829 2285 dicere
841 2258 986 2295 videretur,

251 2299 364 2327 subdit:
380 2299 438 2326 Non
453 2299 533 2326 modo
546 2310 597 2328 non
614 2299 757 2329 dolemus
750 2312 776 2330 in
788 2302 861 2332 hisce
876 2305 988 2333 tribula-

251 2344 386 2379 tionibus,
404 2342 450 2371 sed
475 2344 554 2371 etiam
571 2345 742 2382 gaudemus:
758 2347 883 2386 quodque
902 2351 989 2388 majus

251 2396 303 2425 est,
318 2399 371 2416 non
386 2387 465 2416 modo
477 2396 584 2427 pmpter
599 2390 672 2418 futur
675 2402 687 2419 t
703 2393 826 2430 ptaemia,
848 2393 894 2422 sed
909 2395 987 2423 etiam

251 2435 286 2463 ob
296 2434 450 2474 praesentia;
460 2434 594 2472 siquidem
606 2436 762 2476 hicquoque
771 2439 806 2468 ob
816 2449 874 2469 eam
883 2451 990 2470 causam

286 2538 295 2548 ⁶
315 2529 403 2562 [Idem
416 2532 512 2561 ἐθλιόηυ,
526 2532 659 2564 ὠδυνήθην]

992 588 1027 607 465

1002 1023 1018 1044 B

644 190 783 213 JOANMS
812 187 993 213 CHRYSOST.
1021 187 1176 210 Anctut-lt‘.
1205 187 1471 209 (ΣΟΝΞἹἹΝΪΙΝΟΡ.

1045 249 1163 278 τουτέστι
1166 262 1178 277 ν
1199 249 1324 284 εὲθλίοη,
1340 249 1460 283 ὠδυνήθη
1486 248 1529 277 διὰ
1553 248 1599 283 τὴν
1626 249 1751 277 ἀπουσίαν
1766 252 1811 278 τοῦ

1042 294 1168 332 ἀδελφοῦ,
1189 294 1214 320 δε
1221 305 1288 325 ικνυς
1310 293 1370 321 ὅσον
1395 293 1463 321 ἐστιν
1487 294 1599 332 ἀδελφοῦ
1620 293 1751 322 ἀπουσία·
1766 306 1810 322 και

1040 338 1082 366 διὰ
1098 342 1172 367 τοῦτο
1188 339 1304 372 ἀπῆλθεν
1316 340 1421 367 ἐκεῖθεν.
1433 339 1468 367 Τί
1485 338 1512 367 δέ
1522 340 1606 374 ἐστιν,
1619 338 1720 367 Ἐλθὼν
1733 339 1760 368 δὲ
1775 341 1810 372 εἷς

1038 382 1086 416 τὴν
1102 383 1219 421 Τρωάδα
1235 385 1270 416 εἷς
1284 384 1313 412 τὸ
1335 384 1502 422 εὐαγγέλιον,
1518 385 1579 423 Οὐχ
1594 385 1696 420 ἁπλῶς,
1717 384 1809 423 φησὶν,

1039 428 1195 465 ἐπεδήμησα
1207 451 1214 463 ,
1236 430 1293 457 ἀλλ’
1311 428 1379 457 ὥστε
1394 429 1513 467 κηρῦξαι.
1529 429 1597 458 Ἀλλ’
1611 430 1682 467 ὅμως
1701 429 1745 458 καὶ
1767 429 1810 458 διὰ

1037 476 1137 501 τοῦτοθ
1127 473 1224 509 {Mu-‚iv
1239 486 1284 502 και
1298 473 1378 513 εὑρων
1399 474 1473 513 ἔργον
1493 474 1633 512 μέγιστον·
1649 474 1739 514 Θύρας
1758 474 1809 512 γάρ

1039 530 1084 556 μοι
1100 518 1266 557 ἀνεωγμένης
1281 520 1306 547 ἐν
1323 520 1432 559 Kopio·›
1446 520 1530 548 Οὐκ
1517 532 1619 558 εσχηκα
1640 520 1741 555 ἄνεσιν,
1755 532 1808 559 φη-

1039 564 1097 592 σίν-
1112 565 1140 593 οὐ
1155 564 1206 601 μὴν
1227 565 1269 593 διὰ
1291 576 1366 593 τουτο
1385 565 1515 594 ἐνεπόδισε
1532 566 1562 594 τὸ
1585 565 1669 604 ἔργον.
1688 567 1751 598 Πῶς
1765 568 1810 594 οὐν

1038 622 1129 649 φησιν,
1145 610 1184 638 ο’τι
1196 610 1306 639 Ἀποταῖ
1296 611 1403 648 άμενος
1421 613 1507 643 αυτοῖς
1527 611 1588 646 ἐξῆλ
1590 615 1645 646 θον,
1657 611 1809 647 Τουτέστιν,

1038 657 1066 683 οὐ
1082 655 1201 695 διέτριψα
1218 655 1326 684 πλείονα
1348 657 1454 695 χρόνον,
1479 656 1732 695 στενοχωρούμενος,
1751 657 1809 685 ὀδυ-

1037 700 1160 738 νώμενος.
1174 700 1251 733 Ἴσως
1267 701 1293 730 δὲ
1314 702 1358 729 καὶ
1381 702 1542 735 ἐνεποδίζετο
1558 702 1586 730 τὸ
1601 702 1689 740 ἔργον,
1710 701 1808 730 ἐκείνου

1039 746 1158 777 ἀπόντος.
1177 747 1288 775 Τοῦτο
1275 746 1301 775 οε
1314 748 1342 775 οὐ
1356 747 1439 786 μικρὰ
1459 748 1503 775 καὶ
1525 747 1624 780 τούτοις
1644 747 1808 786 παραμυθία.

1039 791 1072 819 Εἰ
1087 791 1138 829 γὰρ
1157 793 1211 820 ἐκεῖ
1228 791 1306 831 θύρας
1322 794 1443 838 ἀνεωγμΞ
1435 792 1503 828 ’νης,
1518 793 1562 820 καὶ
1575 794 1610 825 εἷς
1625 804 1700 821 τουτο
1712 792 1810 827 ἐλθὼν,

1039 837 1128 871 ἐπειδὴ
1149 836 1192 864 τὸν
1214 837 1325 876 ἀδε)’,ιον
1348 839 1396 876 οὐ]
1416 840 1503 876 εὑρεν,
1519 838 1672 873 ἀπεπήδησε
1693 837 1810 876 ταχέως,

1039 882 1128 909 πολλῶ
1144 883 1265 919 υ.ᾶ)λον
1257 888 1333 920 υμᾶς,
1345 894 1418 921 φησι,
1430 882 1616 921 συγγινώσκειν
1626 882 1678 922 χρὴ
1689 887 1745 915 ταῖς
1758 884 1809 910 τῶν

1038 928 1201 966 πραγμάτιον
1214 928 1341 967 ἀνάγκαις
1353 929 1476 967 ἀγούσαις
1487 929 1532 958 καὶ
1544 928 1729 969 περιαγούσαις
1739 931 1810 967 ἡμᾶς

1038 977 1190 1012 πανταχοῦ,
1205 973 1250 1002 καὶ
1264 976 1310 1002 οὐκ
1326 974 1435 1009 ἐώσαις,
1449 977 1483 1007 ὡς
1499 975 1660 1013 βουλόμεθα,
1673 974 1729 1003 οὔτε
1745 975 1810 1003 ἀπο-

1039 1018 1131 1055 δημεῖν
1144 1018 1202 1047 οὔτε
1214 1019 1384 1059 ἐνδιατρίέειν
1396 1016 1432 1052 οἷς
1445 1019 1474 1048 ἂν
1483 1020 1611 1057 ἐθέλωμεν
1624 1019 1811 1049 ἕπιπλέον.Διὸ

1038 1064 1082 1092 καὶ
1098 1064 1188 1102 ἐπάγει
1199 1064 1278 1093 πάλιν
1288 1087 1295 1099 ,
1308 1065 1397 1121 ὥσπερ
1408 1065 1461 1093 ἅνω
1471 1067 1508 1104 τῷ
1521 1065 1674 1103 Πνεύματι,
1686 1063 1753 1093 οὕτω
1764 1064 1810 1093 καὶ

1039 1110 1151 1137 ἐνταῦθα
1163 1112 1200 1137 τΓ)
1213 1112 1274 1139 ΘεΓυ
1288 1110 1334 1142 τὰς
1346 1111 1495 1148 ἀποδημίας
1508 1111 1646 1146 ἀνατιθεις,
1657 1122 1702 1139 και
1711 1110 1809 1149 λεγων·

1039 1156 1086 1194 Τῷ
1103 1155 1129 1184 δὲ
1145 1157 1206 1184 s-kffi
1220 1156 1297 1210 χάρις
1315 1158 1352 1183 τῶ
1371 1157 1483 1185 παντο-,ε
1499 1159 1570 1193 ἧμας
1585 1156 1768 1194 θριαμὸευοντι
1783 1156 1809 1183 ἐν

1037 1203 1074 1228 τΓι)
1088 1202 1211 1240 Χριστῦ,
1225 1213 1269 1229 και
1291 1201 1338 1236 τὴν
1359 1203 1411 1239 ὃσυ.
1412 1214 1444 1236 ην
1464 1205 1510 1237 τῆς
1525 1201 1646 1240 γνώσεως
1663 1203 1741 1230 αὐτου
1757 1213 1810 1240 φα-

1038 1230 1154 1285 νεροῧντι
1171 1247 1204 1274 δι’
1223 1249 1300 1284 ἡμῶν
1317 1249 1342 1276 ἐν
1357 1247 1437 1276 παντὶ
1456 1247 1538 1286 τόπῳ.
1548 1247 1607 1276 Ἵνα
1624 1246 1674 1286 γὰρ
1694 1246 1731 1285 μὴ
1750 1246 1810 1285 δόξῃ

1039 1293 1074 1323 ὡς
1091 1295 1190 1330 θρηνῶν
1203 1295 1286 1320 ταῦτα
1301 1293 1492 1332 ἀποδύρεσθαι,
1507 1293 1586 1331 χάριν
1601 1291 1752 1330 ἀναπέμπει
1773 1293 1811 1330 τῷ

1040 1338 1111 1376 Θεῷ.
1124 1337 1161 1365 '³0
1176 1337 1202 1366 δὲ
1217 1338 1301 1376 λέγει,
1313 1338 1390 1367 τοῦτό
1402 1341 1457 1367 ἐστι
1469 1351 1475 1356 ·
1488 1341 1624 1377 πανταχοῦ
1637 1339 1731 1376 θλῖψις,
1743 1349 1812 1366 παν-

1040 1385 1122 1421 ταχοῦ
1145 1383 1308 1421 στενοχωρία
1319 1395 1324 1400 ·
1341 1380 1420 1418 ἦλθον
1439 1385 1475 1416 εἰς
1494 1383 1541 1418 τὴν
1554 1383 1658 1418 Ἀσίαν,
1679 1383 1812 1422 ἐὲαρήθην

1042 1427 1106 1465 ὑπὲρ
1119 1427 1227 1465 δύναμιν
1241 1440 1247 1445 ·
1260 1425 1337 1463 ἦλθον
1357 1430 1392 1461 εἷς
1403 1429 1449 1463 τὴν
1466 1429 1596 1467 Τρωάδα,
1612 1430 1661 1468 οὐχ
1672 1425 1746 1466 εἷρον
1768 1428 1812 1456 τὸν

1043 1472 1153 1510 ἀδελφόν
1168 1485 1173 1490 ·
1190 1474 1236 1501 οὐκ
1256 1468 1333 1507 ἦλθον
1356 1475 1420 1512 πρὸς
1432 1475 1500 1511 ὑμᾶς
1511 1486 1517 1491 ·
1531 1475 1558 1502 οὗ
1584 1474 1679 1513 μικράν
1705 1485 1749 1512 μοι
1767 1473 1812 1501 καὶ

1041 1519 1117 1545 τοῦτο
1133 1518 1245 1555 ἀθυμίαν
1259 1518 1422 1554 ἐνεποίησεν,
1436 1519 1502 1548 ἀλλὰ
1514 1519 1559 1547 καὶ
1571 1519 1670 1557 σφόδρα
1683 1519 1811 1575 μεγάλην,

1042 1562 1086 1590 καὶ
1100 1565 1138 1590 τΓ)
1153 1563 1263 1594 πο)λους
1282 1563 1465 1602 ἡμαρτηκέναι
1483 1566 1546 1602 παρ’
1559 1566 1636 1601 ὑμῖν,
1652 1576 1696 1592 και
1712 1566 1750 1603 τῷ
1769 1563 1812 1591 διὰ

1041 1611 1116 1636 τοῦτο
1130 1610 1198 1645 ὑμας
1222 1608 1258 1645 μὴ
1273 1610 1353 1647 ὃρᾷν·
1369 1609 1531 1647 Φειδόμενος
1543 1609 1595 1649 γὰρ
1615 1611 1703 1646 ὓμῦν,
1725 1609 1801 1638 οὐκέτ

1042 1648 1119 1687 ἠλθον
1137 1665 1172 1685 εις
1188 1654 1326 1692 Κόρινθον,
1349 1653 1436 1692 <zv-,cim
1451 1654 1500 1682 t'lie'
1516 1667 1559 1683 ουν
1582 1654 1618 1692 μὴ
1643 1654 1701 1693 δόξῃ
1718 1654 1812 1693 ὀλοφυ-

1044 1709 1070 1736 ρε
1060 1701 1132 1726 -σθαι
1145 1710 1228 1726 ταυτα
1242 1699 1334 1736 λέγων,
1349 1700 1458 1737 ἐπάγει,
1473 1699 1513 1728 ὅτι
1524 1702 1553 1728 οὐ
1565 1700 1641 1738 μόνον
1656 1701 1703 1728 οὐκ
1718 1700 1812 1738 ἀλγοῦ-

1043 1754 1089 1779 μεν
1106 1744 1131 1770 ἐν
1146 1746 1203 1775 ταῖς
1215 1743 1316 1781 θλίψεσι
1333 1744 1455 1779 ταύταις,
1471 1744 1539 1772 ἀλλὰ
1552 1744 1597 1772 καὶ
1612 1743 1754 1783 χαίρομεν·
1767 1743 1812 1771 καὶ

1041 1787 1071 1815 τὸ
1087 1790 1187 1825 μεῖζον,
1204 1790 1232 1817 οὐ
1247 1791 1298 1816 τῶν
1316 1789 1463 1826 μελλόντων
1484 1790 1569 1818 ἕνεκεν
1587 1790 1662 1827 μόνον
1677 1789 1811 1822 ἐπάθλων,

1042 1833 1109 1861 ἀλλὰ
1131 1833 1176 1861 καὶ
1198 1835 1284 1861 αὐτῶν
1305 1837 1356 1863 τῶν
1381 1835 1517 1873 παρόντων
1530 1847 1536 1852 ·
1558 1835 1602 1863 καὶ
1627 1835 1677 1873 γὰρ
1700 1834 1811 1863 ἐνταῦθά

1043 1879 1120 1914 ἐσμεν
1141 1879 1259 1917 λαμπροὶ
1275 1881 1304 1907 ἐκ
1323 1879 1420 1907 τούτων
1443 1879 1489 1908 καὶ
1506 1884 1663 1918 περιφανεῖς.
1679 1881 1811 1909 Τοσοῦτον

1043 1922 1130 1951 τοίνυν
1154 1923 1288 1961 ἀπέχομεν
1311 1926 1356 1951 τοῦ
1375 1927 1493 1963 θρηνεῖν,
1510 1925 1550 1953 ὅτι
1571 1926 1616 1953 καὶ
1635 1925 1762 1965 θρίαμὸον
1782 1925 1812 1953 τὸ

1042 1973 1154 2006 πρᾶγμα
1175 1969 1319 2006 καλοῦμεν,
1343 1969 1386 1997 καὶ
1411 1970 1661 2008 ε’γκαλλωπιζόμεθα
1676 1975 1728 2003 τοῖς
1742 1981 1811 2008 γινο-

1044 2013 1139 2050 μένοις.
1157 2014 1204 2042 Aah
1218 2014 1263 2042 καὶ
1278 2014 1364 2053 ἔλεγε,
1380 2016 1426 2054 Τῷ
1443 2015 1469 2044 δὲ
1484 2017 1544 2054 Θεῷ
1557 2016 1634 2055 χάρις
1647 2018 1685 2056 τῷ
1699 2016 1812 2045 πάντοτε

1043 2062 1113 2096 ἡμᾶς
1128 2059 1312 2099 θριαμῧεῦοντι
1328 2072 1334 2077 ·
1350 2061 1485 2095 τουτέστι,
1500 2063 1537 2100 τῷ
1549 2066 1615 2090 πᾶσι
1630 2064 1746 2090 ποιοῦντι
1759 2073 1810 2089 πε-

1046 2108 1167 2143 ριφανεῖς.

1044 2149 1211 2185 ἐλαύνεσθαι,
1227 2152 1301 2178 τοῦτο
1317 2153 1396 2188 τιμῆς
1419 2153 1483 2188 ἡμῖν
1505 2146 1570 2180 εἶναι
1592 2150 1711 2190 φαίνεται
1734 2151 1812 2189 μεγί-

1186 2104 1223 2133 uO
1239 2104 1289 2143 γὰρ
1311 2106 1381 2134 δοκεῖ
1402 2101 1467 2134 εἶναι
1490 2106 1611 2143 ἀτιμίας,
1631 2106 1662 2134 τὸ
1684 2106 1811 2135 πάντοθεν

1045 2206 1115 2229 στης.
1131 2195 1179 2223 Διὸ
1195 2196 1240 2223 οὐκ
1255 2191 1327 2231 εἶπε,
1346 2199 1382 2236 τῷ
1404 2197 1566 2231 καταδήλους
1587 2200 1717 2232 ποιοῦντι,
1729 2196 1810 2230 ἀλλὰ,

1044 2243 1091 2281 Τῷ
1107 2242 1291 2282 θριαμὸεύοντι
1302 2255 1307 2260 ·
1324 2244 1435 2280 δεικνὺς,
1451 2244 1490 2272 ὅτι
1505 2247 1528 2273 οἱ
1544 2245 1653 2283 διωγμοὶ
1667 2240 1738 2273 οὗτοι
1751 2245 1811 2283 τρό-

1044 2304 1110 2320 παια
1131 2295 1226 2330 συνεχῆ
1251 2293 1319 2321 κατὰ
1341 2296 1385 2322 τοῦ
1405 2294 1526 2322 διαὲόλου
1547 2297 1684 2332 πανταχοῦ
1702 2294 1749 2327 τ’ἧς
1763 2295 1810 2331 γῆς

1044 2344 1191 2371 ἀνιστῶσιν.
1206 2337 1272 2370 Εἶτα
1285 2342 1351 2380 μετὰ
1364 2345 1409 2371 τοῦ
1425 2342 1625 2381 θριαμὸεύοντος
1640 2342 1690 2375 θεὶς
1703 2344 1747 2371 καὶ
1762 2343 1810 2378 τὴν

1043 2392 1179 2426 ὑπόθεσιν,
1196 2391 1318 2426 ἀνίστησι
1333 2394 1469 2420 κάντεῦθεν
1490 2392 1533 2420 τὸν
1548 2391 1688 2430 ἀκροατήν.
1704 2393 1744 2421 Οὖ
1757 2393 1810 2432 γὰρ

1045 2442 1121 2479 μόνον
1143 2441 1192 2470 ὑπὸ
1214 2445 1259 2471 τοῦ
1281 2443 1350 2471 Θεοῦ
1370 2441 1599 2480 Οριαμὸευόμεθα,
1621 2441 1689 2470 ἀλλὰ
1713 2441 1758 2471 καὶ
1782 2442 1809 2470 ἐν
