1891 2866
113 1911 136 1925 2.
151 1904 205 1925 Cor.
217 1903 251 1925 13.

139 2235 259 2255 cons-‹ivn-

116 2268 150 2286 sm>
160 2274 196 2294 pun
204 2271 242 2286 ilas

116 2305 241 2317 ΤΟΠΙΠΙῌΙΙΙ-

117 2330 173 2348 canti
186 2336 260 2349 uetes-

117 2361 181 2379 saria.

262 210 328 244 290.
587 207 616 229 S.
645 207 782 231 JOANMS
809 206 988 230 cnm'sosr.

255 269 419 307 contingant,
441 267 649 298 moderationem
669 276 808 299 sectemur.
828 267 955 301 Itaenim
969 273 995 295 et

258 326 367 355 corpore
379 315 446 344 hene
458 315 616 352 valebimus,
629 323 653 344 et
663 316 781 344 animam
799 315 825 344 in
847 321 903 343 tuto
914 313 994 342 collo-

258 358 386 399 rabimusj
398 369 422 390 et
438 372 451 390 a
465 362 639 401 praesentibus
648 362 795 400 futurisque
811 361 888 390 malis
898 360 994 389 libera-

258 408 349 436 bimur
370 420 376 435 :
395 418 410 436 a
437 408 536 447 quibus
548 408 650 437 utina'u
673 419 763 437 omnes
777 408 856 443 eruti,
883 416 996 445 regnum

260 465 462 493 ronsequamur,
476 455 561 494 gratia
574 462 599 483 et
614 455 779 493 benignitate
789 453 899 482 Domini
913 452 996 481 nostri

257 502 321 531 Jesu
332 501 442 535 Christi,
454 501 562 539 quicum
583 500 656 529 Patri
677 508 702 529 et
717 511 768 529 una
781 499 894 539 Spiritui
908 505 997 527 sancto

257 545 353 584 gloria,
378 546 531 585 imperium,
547 545 642 582 honor,
664 556 734 574 nunc
751 552 775 574 et
787 555 901 584 semper,
924 551 949 572 et
970 544 996 572 in

259 591 353 620 scocula
364 591 530 620 saeculorum.
547 593 638 619 Amen.

1020 205 1037 227 A
1044 205 1160 227 licuit-:P
1167 219 1174 225 .
1204 203 1266 226 CON
1272 203 1309 225 ST
1316 205 1329 224 «ἱ
1337 203 1456 225 NTINOI’
1464 218 1471 225 .

1047 266 1215 303 λαγησόμεθα
1237 267 1324 293 κακῶν
1337 276 1342 281 ·
1358 259 1395 292 ῶν
1409 263 1509 303 γε’νοιτο
1522 263 1621 297 πάντας
1636 267 1707 302 ἡμᾶς
1723 266 1812 293 ἀπαλ-

1048 310 1186 348 λαγέντας,
1206 311 1253 344 τῆς
1269 308 1403 347 βασιλείας
1421 310 1566 348 ἐπιτυχεῖν,
1585 309 1676 349 χάριτι
1697 309 1742 337 καὶ
1766 320 1812 348 φι-

1013 360 1030 382 Ε
1048 355 1200 394 λανθρωττίᾳ
1213 358 1258 383 τοῦ
1269 354 1363 393 Κυρίου
1375 356 1451 392 ἡμῶν
1466 354 1553 390 Ἰησοῦ
1568 355 1683 393 Χριστοῦ
1692 376 1700 390 ,
1716 355 1772 392 μεθ’
1784 357 1813 383 οὗ

1048 404 1086 440 τῷ
1097 401 1184 441 Πατρὶ
1199 401 1254 438 ἅμα
1264 402 1301 439 τῷ
1313 400 1378 439 ἁγίῳ
1391 399 1528 438 Πνεύματι
1539 400 1607 435 δόξα,
1625 399 1728 438 κράτος,
1738 399 1814 438 τιμὴ,

1050 449 1094 474 νῦν
1108 447 1153 476 καὶ
1168 447 1208 475 ἀεὶ
1217 469 1225 484 ,
1237 446 1282 475 καὶ
1298 447 1333 479 εἷς
1346 445 1404 478 τοὺς
1418 447 1514 478 αἰῶνας
1530 448 1581 474 τῶν
1594 445 1704 474 αἰώνων.
1717 444 1812 484 Ἀμήν.

470 779 628 808 HOMILIA
650 778 784 808 XXVIII.

258 874 305 903 ⁶28.
314 875 421 903 Probet
431 880 528 902 autem
539 875 663 913 seipsum
678 874 774 909 homo,
785 879 812 901 et
824 874 866 901 sic
876 872 912 900 de
919 881 996 911 pane

407 920 459 948 illo
475 920 542 948 edat
556 926 583 948 et
597 920 632 948 de
646 920 739 948 calice
755 920 844 947 bibat.

298 1015 324 1041 1.
341 1012 415 1048 Quid
431 1012 483 1041 sibi
502 1012 596 1041 volunt
612 1012 670 1040 haec
682 1011 781 1049 verba,
796 1021 857 1039 cum
872 1009 947 1039 aliud
963 1010 997 1038 sit

259 1059 310 1087 hoc
323 1058 491 1099 propositum
502 1058 707 1098 argumentum?
720 1057 840 1086 Hic'mos
854 1063 892 1085 est
903 1056 996 1092 Paulo,

260 1111 289 1132 ut
308 1105 365 1143 jam
387 1104 462 1144 prius
482 1104 559 1139 dixi,
573 1114 625 1132 non
643 1104 729 1132 solum
748 1103 795 1131 illa
815 1109 926 1131 tractare
938 1113 997 1140 quae

261 1151 312 1179 sibi
333 1151 469 1190 proposita
488 1157 564 1187 sunt,
579 1150 626 1179 sed
639 1150 660 1179 si
679 1149 744 1189 quid
766 1148 842 1178 aliud
864 1149 922 1177 haec
943 1155 999 1176 tra-

261 1197 341 1225 ctanti
356 1196 492 1232 inciderit,
502 1196 530 1224 id
541 1206 645 1234 quoque
658 1205 754 1234 magno
766 1194 854 1223 studio
865 1194 998 1234 persequi3

261 1243 377 1271 maxime
397 1254 458 1272 cum
481 1242 514 1271 de
535 1243 614 1271 rebus
633 1242 779 1270 admodum
801 1241 952 1270 necessariis
973 1249 998 1271 et

262 1290 418 1328 urgentibus
433 1290 532 1329 agitur.
548 1289 654 1318 Etenim
669 1299 729 1317 cum
743 1288 775 1317 de
788 1288 819 1317 iis
834 1288 881 1327 qui
891 1288 998 1327 nuptias

261 1346 416 1367 contraxere
429 1345 566 1377 ageretur,
583 1345 608 1366 et
629 1337 725 1366 incidit
746 1337 772 1365 in
797 1347 943 1365 sermonem
965 1337 998 1365 de

262 1384 356 1416 serris,
371 1384 474 1412 fortiter
482 1391 507 1412 et
521 1383 613 1412 multis
625 1383 693 1411 hanc
707 1393 762 1411 rem
774 1383 946 1422 pertractavit
957 1395 962 1410 ε
975 1389 999 1411 et

260 1440 322 1458 eum
342 1429 480 1458 dissereret
499 1436 523 1457 et
541 1429 667 1468 probaret
681 1439 732 1457 non
752 1435 873 1466 oportere
887 1429 914 1457 in
923 1429 998 1468 judi-

261 1475 308 1503 ciis
324 1475 443 1514 litigare,
458 1482 521 1503 tunc
534 1474 654 1503 incidens
666 1474 693 1502 in
711 1473 919 1503 admonitionem
930 1475 999 1503 circa

261 1524 419 1557 avaritiam,
437 1523 521 1551 multa
537 1522 570 1551 de
590 1522 640 1551 hoc
658 1529 812 1561 argumento
832 1523 958 1561 protulit:
971 1522 999 1551 id

264 1571 334 1609 quod
347 1571 427 1599 etiam
446 1570 489 1599 hic
505 1570 578 1598 facit.
593 1570 662 1605 Quia
675 1570 745 1598 euim
762 1570 842 1598 semel
861 1581 927 1609 opus
941 1571 999 1599 fue-

262 1625 301 1646 rat
313 1641 320 1654 ,
334 1625 361 1646 ut
374 1618 406 1647 de
420 1618 555 1657 mysteriis
568 1617 747 1652 meminisset,
761 1616 938 1644 necessarium
949 1627 999 1656 pu-

262 1665 329 1693 tavit
343 1676 398 1693 esse
410 1664 462 1693 hoc
476 1664 598 1704 persequi
612 1671 798 1702 argumentum
808 1675 814 1699 ;
826 1673 911 1701 neque
929 1663 999 1691 enim

262 1712 330 1740 levis
348 1712 474 1740 momenti
494 1718 544 1747 est;
559 1711 670 1749 ideoque
684 1710 830 1739 admodum
846 1710 1001 1738 terribiliter

261 1758 294 1786 de
305 1758 352 1786 illo
362 1757 505 1794 disseruit,
518 1758 649 1785 bonorum
662 1763 741 1796 caput
753 1767 808 1785 esse
818 1756 933 1795 probans
943 1779 950 1792 ‚
966 1756 1001 1784 ad

262 1815 291 1831 ca
307 1814 366 1832 cum
380 1815 446 1842 pura
461 1803 620 1831 conscientia
635 1802 767 1831 accedere.
780 1802 859 1830 L‘nde
874 1813 926 1830 non
939 1812 1001 1830 con-

263 1856 350 1877 tentus·
364 1849 397 1877 iis
411 1860 469 1887 quae
484 1849 559 1887 prius
574 1848 695 1882 dixerat,
713 1848 769 1875 haec
783 1858 888 1886 quoque
909 1847 1002 1886 adjicit

262 1895 353 1923 dicens
363 1918 370 1931 ‚
385 1896 492 1923 Probet
512 1901 608 1922 autem
630 1896 753 1932 seipsum
768 1894 872 1926 lzomo;
884 1893 912 1921 id
930 1893 1002 1931 quod

263 1942 343 1970 etiam
365 1942 391 1970 in
412 1942 525 1971 secunda
541 1941 659 1980 Epistola
675 1941 758 1968 dicit:
773 1941 828 1968 Vos
845 1942 920 1979 ipsos
935 1947 1000 1968 ten-

265 1994 335 2022 tate,
351 1998 405 2015 ‘vos
418 1989 493 2026 ipsos
511 1988 649 2026 probate;
662 1996 712 2014 uon
728 1986 797 2014 sicut
812 1996 859 2013 nos
874 1996 943 2014 nunc
958 1986 1001 2013 fa-

264 2033 361 2069 cimus,
384 2040 502 2072 tempore
523 2032 682 2061 conditionis
706 2032 796 2071 potius
819 2031 901 2066 moti,
921 2042 1001 2069 quam

265 2079 354 2108 studio
368 2079 460 2107 animi.
476 2079 534 2107 Non
551 2079 621 2106 enim
636 2078 663 2106 id
678 2088 813 2111 curamus,
827 2085 857 2106 ut
875 2077 972 2116 parati,
987 2088 1001 2105 a

266 2125 344 2154 malis
359 2125 465 2165 purgati
477 2132 502 2153 et
520 2125 722 2164 compunctione
741 2123 814 2163 pleni
834 2123 1000 2159 accedamus,

267 2172 313 2200 sed
327 2172 397 2200 utin
411 2171 506 2200 diebus
528 2171 601 2199 festis
624 2177 649 2199 et
673 2181 733 2199 cum
754 2182 843 2199 omnes
864 2170 1002 2199 accedunt.

269 2219 372 2246 Verum
388 2228 439 2247 non
454 2217 577 2256 itajussit
590 2217 704 2254 Paulu53
718 2217 763 2245 sed
777 2227 860 2245 unum
875 2216 949 2245 novit
961 2227 1005 2244 ac-

271 2264 380 2293 cedendi
401 2271 426 2292 et
446 2262 661 2292 communicandi
685 2270 865 2302 opportunum
890 2270 1004 2302 tempus,

270 2311 435 2339 conscientiae
458 2320 552 2349 nempe
574 2309 725 2348 puritatem.
746 2309 815 2337 Nam
835 2309 857 2337 si
878 2309 928 2337 hac
948 2319 1006 2337 sen-

269 2357 313 2385 sili
328 2368 415 2385 mensa
429 2367 575 2395 numquam
589 2355 703 2384 fruimur
716 2355 783 2383 febri
795 2354 942 2383 laborantes
959 2361 1006 2383 aut

269 2403 426 2431 humoribus
441 2403 527 2442 pleni,
541 2409 570 2430 ut
592 2412 624 2430 ne
645 2411 799 2440 peream1153
817 2400 900 2429 multo
916 2401 1005 2428 minus

268 2449 337 2477 lianc
352 2456 458 2487 tangere
470 2448 546 2477 nobis
560 2448 620 2476 licet
635 2457 696 2475 cum
711 2446 802 2486 pravis
819 2446 1003 2485 concupiscen-

268 2497 312 2525 tiis
321 2519 329 2533 ,
341 2506 399 2534 quae
412 2495 479 2524 febri
494 2501 556 2523 sunt
566 2493 711 2533 graviores.
724 2493 792 2522 Cum
807 2499 893 2521 autem
908 2503 1005 2532 pravas

303 2602 311 2611 ι’
330 2594 422 2628 [ἕτερος
440 2592 575 2625 adjecimus
586 2601 614 2616 ex
628 2593 655 2616 Α.
670 2592 710 2624 13.]

1327 780 1461 808 οΜιΛιΑ
1483 779 1534 815 κη’.

1049 872 1218 910 Δοκιμαζέτω
1232 872 1259 902 δὲ
1274 872 1408 913 ἅνθρωπος
1427 874 1534 910 ἑαυτὸν,
1557 874 1602 902 καὶ
1615 874 1696 908 οὕτως
1719 876 1748 904 ἐκ
1768 877 1814 904 τοῦ

1123 917 1202 957 ἄρτου
1219 918 1326 948 ἐσθιέτω
1338 918 1383 947 καὶ
1397 920 1427 947 ἐκ
1438 923 1482 948 τοῦ
1496 919 1622 959 ποτηρίου
1636 920 1740 950 πινέτω.

1089 1012 1124 1041 Τί
1141 1013 1261 1051 βούλεται
1274 1015 1358 1042 ταῦτα
1380 1013 1414 1042 τὰ
1432 1014 1552 1054 ῥήματα,
1566 1013 1657 1055 ἑτέρας
1669 1013 1815 1047 ὖποθέσεως

1049 1060 1096 1093 τῆς
1122 1058 1296 1098 προκειμένης
1325 1059 1416 1095 οὔσης;
1440 1059 1519 1093 Ἔθος
1539 1063 1616 1089 τοῦτο
1636 1061 1674 1099 τῷ
1700 1060 1815 1099 Παύλῳ,

1050 1103 1138 1143 ὥσπερ
1153 1105 1197 1133 καὶ
1216 1104 1362 1144 ἔμπροσθεν
1378 1106 1456 1144 ἔφθην
1472 1105 1566 1142 εἰπὼν,
1582 1105 1618 1144 μὴ
1631 1106 1708 1144 μόνον
1729 1107 1816 1140 ἐκεῖνα

1051 1150 1219 1188 ἐργάζεσθαι,
1236 1150 1303 1189 ἅπερ
1321 1153 1392 1190 αὐτῷ
1406 1151 1566 1191 προκείμενά
1584 1153 1670 1188 ἐστιν,
1685 1152 1753 1181 ἀλλὰ
1766 1152 1816 1181 κᾶν

1050 1195 1153 1235 οὲτερος
1177 1197 1334 1236 παρεμπέσῃ
1358 1197 1433 1236 λόγος
1456 1200 1488 1236 τῇ
1514 1198 1650 1234 ὑποθέσει,
1669 1198 1714 1227 καὶ
1733 1197 1816 1238 τούτῳ

1052 1241 1119 1280 μετὰ
1139 1244 1238 1278 πολλῆς
1263 1243 1389 1277 ἐπεξιέναι
1413 1245 1460 1278 τῆς
1480 1244 1610 1279 σπουδῆς,
1633 1244 1679 1273 καὶ
1701 1244 1816 1283 μάλιστα

1051 1287 1112 1316 ὅταν
1131 1288 1192 1327 περὶ
1207 1288 1306 1328 σφόδρα
1329 1289 1477 1327 ἀναγκαίων
1497 1289 1542 1318 καὶ
1565 1289 1770 1329 κατεπειγόντων
1788 1285 1815 1329 ἦ.

1051 1334 1104 1362 Καὶ
1117 1334 1166 1373 γὰρ
1181 1334 1223 1363 ὅτε
1237 1339 1290 1367 τοῖς
1302 1335 1466 1374 γεγαμηκόσι
1481 1335 1618 1374 διελέγετο,
1632 1336 1676 1364 καὶ
1687 1337 1701 1364 ὁ
1713 1338 1766 1365 τῶν
1777 1337 1817 1365 οῗ-

1051 1382 1132 1408 κετῶν
1152 1381 1222 1420 αὐτῷ
1236 1380 1397 1420 παρενέπεσε
1410 1381 1498 1420 λόγος,
1514 1381 1613 1421 σφόδρα
1628 1381 1752 1420 γενναίως
1770 1382 1816 1411 καὶ

1052 1425 1095 1454 διὰ
1109 1427 1211 1455 πολλῶν
1229 1427 1306 1455 αὐτὸν
1321 1426 1497 1455 κατεσκεύασε
1510 1438 1517 1444 ·
1531 1426 1576 1455 καὶ
1589 1427 1633 1456 ὅτε
1647 1427 1762 1466 περὶτοῦ
1778 1427 1815 1466 μὴ

1053 1472 1104 1500 δεῖν
1119 1472 1252 1511 κρίνεσθαι
1266 1474 1291 1501 ἔν
1313 1477 1366 1506 τοῖς
1385 1473 1561 1512 δικαστηρίοις
1573 1472 1679 1511 ὓέλεγε,
1693 1473 1737 1502 καὶ
1755 1474 1816 1502 τότε

1053 1520 1088 1550 εἷς
1109 1517 1156 1553 τὴν
1180 1518 1240 1557 περὶ
1264 1518 1412 1552 πλεονεξίας
1426 1519 1547 1557 ἐμπεσὼν
1563 1520 1708 1556 νουθεσίαν,
1730 1519 1817 1549 πολλὰ

1053 1564 1097 1592 καὶ
1113 1564 1172 1604 περὶ
1194 1564 1291 1599 ταύτης
1316 1564 1434 1603 διελέχθη
1455 1567 1502 1600 τ’ἦς
1522 1565 1666 1598 ὑποθέσεως
1678 1577 1684 1583 ·
1699 1565 1712 1594 ὃ
1727 1565 1758 1601 δὴ
1772 1565 1817 1595 καὶ

1054 1611 1165 1638 ἐνταῦθα
1184 1610 1337 1645 πεποίηκεν.
1360 1610 1469 1645 Ἐπειδὴ
1484 1610 1534 1651 γὰρ
1549 1610 1618 1644 ἅπαξ
1630 1613 1676 1646 τῆς
1690 1613 1742 1640 τῶν
1763 1623 1816 1649 μυ-

1055 1656 1167 1694 στηρίων
1188 1657 1279 1692 ἐδεήθη
1302 1656 1421 1694 μνήμης,
1446 1659 1587 1695 ἀναγκαῖον
1609 1652 1673 1685 εἶναι
1699 1657 1817 1695 ἐνόμισεν

1058 1703 1066 1708 «
1103 1702 1114 1712 'r
1174 1707 1183 1711 -
1227 1705 1243 1711 ω
1263 1704 1271 1714 ς
1336 1702 1341 1711 ¹
1431 1703 1439 1712 ³
1448 1702 1468 1713 Μ
1509 1702 1516 1715 x
1650 1705 1665 1711 -ι
1716 1698 1732 1714 ‘3⁴
1804 1702 1812 1712 ι

1054 1703 1196 1735 επεςελθειν
1211 1714 1243 1741 τῃ
1262 1705 1382 1731 υποθεσει
1394 1714 1400 1720 ·
1415 1713 1471 1731 ουοε
1487 1714 1538 1741 γαρ
1553 1705 1569 1737 ἡ
1586 1714 1702 1742 τυχουσα
1715 1715 1755 1738 ην.
1769 1705 1818 1732 Διο
1839 1722 1842 1723 ⁷

1054 1749 1098 1778 καὶ
1113 1749 1211 1788 σφόδρα
1227 1748 1341 1788 φοβερῶς
1354 1748 1413 1787 περὶ
1430 1750 1509 1783 αὐτῆς
1528 1749 1664 1788 διελέχθη,
1685 1749 1716 1778 τὸ
1735 1749 1819 1788 κεφά-

1053 1797 1126 1824 λαιον
1142 1796 1192 1823 τῶν
1213 1796 1316 1833 ἀγαθῶν
1339 1796 1555 1830 κατασκευάζων,
1576 1795 1606 1823 τὸ
1623 1794 1689 1833 μετὰ
1703 1797 1817 1834 καθαροῦ

1055 1840 1189 1880 προσιέναι
1204 1840 1346 1872 συνειδότος
1359 1841 1454 1872 αὐτοῖς.
1473 1839 1554 1868 ”Οθεν
1569 1839 1627 1869 οὐδὲ
1651 1845 1702 1872 τοῖς
1722 1840 1818 1879 ἔμπρα

1055 1890 1114 1915 σθεν
1129 1886 1276 1925 εἰρημένοις
1285 1885 1400 1924 ιἣρκέσθη
1414 1885 1500 1923 μόνον,
1510 1886 1577 1915 ἀλλὰ
1587 1886 1632 1914 καὶ
1644 1890 1727 1916 ταῦτα
1738 1898 1817 1926 προσ-

1055 1933 1142 1968 τίθησι
1155 1931 1237 1971 λέγων
1250 1932 1432 1970 ·Δοκιμαζε’τω
1445 1931 1472 1960 δὲ
1486 1932 1620 1970 ἄνθρωπος
1634 1932 1733 1960 ἑαυτόν.
1745 1932 1759 1961 ὃ
1773 1933 1818 1962 καὶ

1055 1981 1081 2007 ἐν
1099 1980 1131 2016 τῇ
1154 1978 1260 2016 δευτέρᾳ
1285 1977 1361 2017 φησίν
1375 1989 1381 1994 ·
1399 1976 1524 2010 Ἑαυτοὺς
1545 1978 1694 2016 πειράζετε,
1712 1978 1819 2012 ἑαυτοὺς

1055 2024 1222 2061 δοκιμάζετε·
1238 2024 1266 2052 οὐ
1282 2023 1400 2061 καθάπερ
1413 2025 1487 2060 ἡμεῖς
1509 2026 1634 2061 ποιοῦμεν
1649 2026 1693 2052 νῦν
1703 2046 1711 2060 ,
1733 2026 1818 2064 καιρῷ

1055 2069 1203 2109 προσιόντες
1216 2070 1314 2107 μᾶλλον
1324 2091 1331 2104 ,
1345 2068 1362 2103 ἢ
1374 2070 1473 2107 σπουδῇ
1488 2069 1604 2107 γνώμης.
1617 2070 1657 2098 Οὔ
1678 2069 1729 2110 γὰρ
1748 2069 1818 2103 ὅπως

1055 2115 1297 2155 παρεσκευασμένοι
1311 2115 1356 2143 καὶ
1373 2114 1406 2143 τὰ
1421 2114 1491 2143 κακὰ
1511 2117 1609 2144 ἑαυτῶν
1628 2115 1818 2155 ἐκκαθάραντες

1056 2163 1101 2191 καὶ
1112 2162 1273 2194 κατανύξεως
1280 2160 1459 2200 πληρωθέντες
1467 2161 1652 2199 προσέλθοιμεν
1661 2164 1818 2199 σκοποῦμεν,

1061 2209 1117 2236 ἀλλ’
1129 2207 1198 2239 ὅπως
1213 2209 1238 2236 ἐν
1253 2209 1362 2247 ἑορταῖς,
1373 2206 1418 2235 καὶ
1431 2206 1508 2241 ἡνίκα
1518 2206 1547 2234 ἂν
1560 2206 1756 2239 ἅπαντες.Ἀλλ’
1771 2209 1820 2246 οὐχ

1058 2254 1139 2286 οὕτως
1149 2257 1161 2282 ὁ
1172 2255 1275 2286 Παῦλος
1289 2252 1432 2286 ἐκέλευσεν,
1444 2254 1501 2281 ἀλλ’
1514 2252 1558 2281 ἕνα
1572 2252 1661 2292 καιρὸν
1672 2248 1726 2281 οἶδε
1739 2265 1819 2292 προσ-

1058 2300 1116 2329 όδου
1137 2300 1180 2328 καὶ
1200 2299 1350 2334 κοινωνίας,
1362 2302 1406 2327 τοῦ
1423 2298 1566 2331 συνειδότος
1578 2297 1626 2332 τὴν
1645 2298 1818 2338 καθαρότητα.

1058 2347 1092 2375 Εἴ
1106 2345 1155 2384 γὰρ
1169 2347 1293 2379 αἰσθητῆς
1307 2345 1353 2373 οὔκ
1367 2344 1397 2372 ἄν
1410 2355 1473 2372 ποτε
1486 2343 1680 2381 μεταλάὸοιμεν
1690 2344 1820 2382 τραπέζης

1059 2391 1226 2430 πυρέττοντες
1241 2390 1285 2418 καὶ
1301 2391 1393 2428 χυμῶν
1407 2390 1530 2428 γέμοντες
1550 2391 1684 2428 πονηρῶν,
1699 2389 1766 2419 ὥστε
1781 2390 1818 2428 μὴ

1058 2440 1200 2469 ἀπολέσθαι
1213 2452 1218 2457 ·
1231 2440 1320 2479 πολλῷ
1336 2441 1434 2477 μᾶλλον
1455 2438 1551 2474 ταύτης
1565 2439 1693 2468 ἅπτεσθαι
1711 2442 1774 2477 ἡμῖν
1790 2441 1819 2468 οὗ

1059 2491 1131 2529 θέμις
1146 2490 1213 2528 μετὰ
1231 2491 1374 2527 ἐπιθυμιῶν
1396 2487 1498 2518 ἀτόπων
1508 2511 1516 2526 ,
1528 2488 1556 2518 αἳ
1570 2492 1687 2528 πυρετῶν
1707 2491 1758 2519 εἶσι
1769 2501 1818 2529 χα-

1102 2589 1115 2607 ¹'
1131 2589 1224 2621 [ἕλε-χε,
1237 2591 1304 2614 πάλιν
1316 2592 1352 2619 εἰς,
1365 2587 1400 2611 sic
1413 2587 1452 2618 Λ,]
