<?xml version="1.0" encoding="UTF-8"?>
<!DOCTYPE html PUBLIC "-//W3C//DTD XHTML 1.0 Transitional//EN"
    "http://www.w3.org/TR/xhtml1/DTD/xhtml1-transitional.dtd">
<html xmlns="http://www.w3.org/1999/xhtml" xml:lang="en" lang="en">
 <head>
  <title>
</title>
<meta http-equiv="Content-Type" content="text/html;charset=utf-8" />
  <meta name='ocr-system' content='tesseract 3.04.00' />
  <meta name='ocr-capabilities' content='ocr_page ocr_carea ocr_par ocr_line ocrx_word'/>
</head>
<body>
  <div class='ocr_page' id='page_1' title='image "./operaomniaquaeex10johnuoft/operaomniaquaeex10johnuoft_0198.png"; bbox 0 0 1891 2866; ppageno 0'>
   <div class='ocr_carea' id='block_1_1' title="bbox 111 1719 246 1749">
    <p class='ocr_par' dir='ltr' id='par_1_1' title="bbox 111 1719 246 1749">
     <span class='ocr_line' id='line_1_1' title="bbox 111 1719 246 1749; baseline 0 -8"><span class='ocrx_word' id='word_1_1' title='bbox 111 1719 246 1749; x_wconf 60' lang='grc' dir='ltr'>Πιιη.3.95.</span> 
     </span>
    </p>
   </div>
   <div class='ocr_carea' id='block_1_2' title="bbox 267 170 1007 203">
    <p class='ocr_par' dir='ltr' id='par_1_2' title="bbox 267 170 1007 203">
     <span class='ocr_line' id='line_1_2' title="bbox 267 170 1007 203; baseline -0.003 0"><span class='ocrx_word' id='word_1_2' title='bbox 267 170 329 203; x_wconf 72' lang='lat'>182</span> <span class='ocrx_word' id='word_1_3' title='bbox 609 180 636 202; x_wconf 79' lang='lat' dir='ltr'>s.</span> <span class='ocrx_word' id='word_1_4' title='bbox 666 180 803 202; x_wconf 54' lang='lat' dir='ltr'>somnis</span> <span class='ocrx_word' id='word_1_5' title='bbox 829 179 1007 203; x_wconf 72' lang='grc'>0111115051.</span> 
     </span>
    </p>
   </div>
   <div class='ocr_carea' id='block_1_3' title="bbox 259 241 993 408">
    <p class='ocr_par' dir='ltr' id='par_1_3' title="bbox 259 241 993 408">
     <span class='ocr_line' id='line_1_3' title="bbox 261 241 992 280; baseline -0.003 -9"><span class='ocrx_word' id='word_1_6' title='bbox 261 243 313 271; x_wconf 79' lang='lat' dir='ltr'>viri</span> <span class='ocrx_word' id='word_1_7' title='bbox 337 242 463 271; x_wconf 71' lang='lat' dir='ltr'>virtutem</span> <span class='ocrx_word' id='word_1_8' title='bbox 483 242 598 278; x_wconf 81' lang='lat' dir='ltr'>intuens,</span> <span class='ocrx_word' id='word_1_9' title='bbox 614 241 669 271; x_wconf 85' lang='lat' dir='ltr'>imo</span> <span class='ocrx_word' id='word_1_10' title='bbox 683 241 727 270; x_wconf 82' lang='lat' dir='ltr'>hic</span> <span class='ocrx_word' id='word_1_11' title='bbox 742 241 826 270; x_wconf 87' lang='lat' dir='ltr'>multo</span> <span class='ocrx_word' id='word_1_12' title='bbox 842 242 934 280; x_wconf 77' lang='lat' dir='ltr'>magis.</span> <span class='ocrx_word' id='word_1_13' title='bbox 951 241 992 270; x_wconf 77' lang='lat' dir='ltr'>Ab</span> 
     </span>
     <span class='ocr_line' id='line_1_4' title="bbox 259 287 991 326; baseline -0.003 -9"><span class='ocrx_word' id='word_1_14' title='bbox 259 289 314 317; x_wconf 89' lang='lat' dir='ltr'>illis</span> <span class='ocrx_word' id='word_1_15' title='bbox 328 299 441 326; x_wconf 84' lang='lat' dir='ltr'>namque</span> <span class='ocrx_word' id='word_1_16' title='bbox 458 287 583 316; x_wconf 80' lang='lat' dir='ltr'>creaturis</span> <span class='ocrx_word' id='word_1_17' title='bbox 605 298 656 316; x_wconf 88' lang='lat' dir='ltr'>non</span> <span class='ocrx_word' id='word_1_18' title='bbox 681 298 772 317; x_wconf 81' lang='lat' dir='ltr'>omncs</span> <span class='ocrx_word' id='word_1_19' title='bbox 786 289 874 316; x_wconf 86' lang='lat' dir='ltr'>Deum</span> <span class='ocrx_word' id='word_1_20' title='bbox 887 287 991 326; x_wconf 80' lang='lat' dir='ltr'>glorifi-</span> 
     </span>
     <span class='ocr_line' id='line_1_5' title="bbox 260 333 992 369; baseline -0.003 -7"><span class='ocrx_word' id='word_1_21' title='bbox 260 341 331 369; x_wconf 76' lang='lat' dir='ltr'>cant,</span> <span class='ocrx_word' id='word_1_22' title='bbox 344 334 391 362; x_wconf 88' lang='grc'>5011</span> <span class='ocrx_word' id='word_1_23' title='bbox 404 334 483 362; x_wconf 80' lang='lat' dir='ltr'>ctiam</span> <span class='ocrx_word' id='word_1_24' title='bbox 506 333 583 362; x_wconf 77' lang='lat' dir='ltr'>multi</span> <span class='ocrx_word' id='word_1_25' title='bbox 599 333 645 362; x_wconf 77' lang='lat' dir='ltr'>illa</span> <span class='ocrx_word' id='word_1_26' title='bbox 663 340 796 362; x_wconf 76' lang='lat' dir='ltr'>automata</span> <span class='ocrx_word' id='word_1_27' title='bbox 812 344 866 362; x_wconf 83' lang='lat' dir='ltr'>esse</span> <span class='ocrx_word' id='word_1_28' title='bbox 883 333 992 368; x_wconf 83' lang='lat' dir='ltr'>dicunt;</span> 
     </span>
     <span class='ocr_line' id='line_1_6' title="bbox 260 379 993 408; baseline -0.001 -1"><span class='ocrx_word' id='word_1_29' title='bbox 260 379 306 407; x_wconf 83' lang='lat' dir='ltr'>alii</span> <span class='ocrx_word' id='word_1_30' title='bbox 320 390 382 408; x_wconf 70' lang='lat' dir='ltr'>vero</span> <span class='ocrx_word' id='word_1_31' title='bbox 393 379 558 408; x_wconf 70' lang='lat' dir='ltr'>daemonibus</span> <span class='ocrx_word' id='word_1_32' title='bbox 567 379 717 407; x_wconf 82' lang='lat' dir='ltr'>attribuunt</span> <span class='ocrx_word' id='word_1_33' title='bbox 729 379 822 407; x_wconf 82' lang='lat' dir='ltr'>mundi</span> <span class='ocrx_word' id='word_1_34' title='bbox 837 379 993 407; x_wconf 75' lang='lat' dir='ltr'>creationem</span> 
     </span>
    </p>
   </div>
   <div class='ocr_carea' id='block_1_4' title="bbox 260 424 1018 465">
    <p class='ocr_par' dir='ltr' id='par_1_4' title="bbox 260 424 1018 465">
     <span class='ocr_line' id='line_1_7' title="bbox 260 424 1018 465; baseline -0.003 -11"><span class='ocrx_word' id='word_1_35' title='bbox 260 432 286 454; x_wconf 77' lang='lat' dir='ltr'>et</span> <span class='ocrx_word' id='word_1_36' title='bbox 298 425 501 464; x_wconf 81' lang='lat' dir='ltr'>providentiam,</span> <span class='ocrx_word' id='word_1_37' title='bbox 515 425 584 463; x_wconf 90' lang='lat' dir='ltr'>quod</span> <span class='ocrx_word' id='word_1_38' title='bbox 607 432 744 465; x_wconf 85' lang='lat' dir='ltr'>peccatum</span> <span class='ocrx_word' id='word_1_39' title='bbox 759 426 807 454; x_wconf 80' lang='lat' dir='ltr'>vix</span> <span class='ocrx_word' id='word_1_40' title='bbox 829 425 932 453; x_wconf 73' lang='lat' dir='ltr'>veniam</span> <span class='ocrx_word' id='word_1_41' title='bbox 946 424 993 452; x_wconf 80' lang='lat' dir='ltr'>ad·</span> <span class='ocrx_word' id='word_1_42' title='bbox 1014 452 1018 455; x_wconf 72' lang='grc'>,</span> 
     </span>
    </p>
   </div>
   <div class='ocr_carea' id='block_1_5' title="bbox 256 471 996 1106">
    <p class='ocr_par' dir='ltr' id='par_1_5' title="bbox 256 471 996 1106">
     <span class='ocr_line' id='line_1_8' title="bbox 260 471 994 506; baseline -0.003 -6"><span class='ocrx_word' id='word_1_43' title='bbox 260 472 445 500; x_wconf 84' lang='lat' dir='ltr'>mittat:circa</span> <span class='ocrx_word' id='word_1_44' title='bbox 466 472 593 501; x_wconf 83' lang='lat' dir='ltr'>virtutem</span> <span class='ocrx_word' id='word_1_45' title='bbox 609 478 698 500; x_wconf 84' lang='lat' dir='ltr'>autem</span> <span class='ocrx_word' id='word_1_46' title='bbox 716 471 840 506; x_wconf 68' lang='lat' dir='ltr'>hominis,</span> <span class='ocrx_word' id='word_1_47' title='bbox 864 481 940 499; x_wconf 84' lang='lat' dir='ltr'>nemo</span> <span class='ocrx_word' id='word_1_48' title='bbox 956 471 994 499; x_wconf 82' lang='grc'>510</span> 
     </span>
     <span class='ocr_line' id='line_1_9' title="bbox 261 516 995 557; baseline -0.003 -11"><span class='ocrx_word' id='word_1_49' title='bbox 261 517 428 557; x_wconf 84' lang='lat' dir='ltr'>impudenter</span> <span class='ocrx_word' id='word_1_50' title='bbox 445 528 521 556; x_wconf 76' lang='lat' dir='ltr'>agere</span> <span class='ocrx_word' id='word_1_51' title='bbox 531 519 636 557; x_wconf 81' lang='lat' dir='ltr'>poterit,</span> <span class='ocrx_word' id='word_1_52' title='bbox 651 518 699 546; x_wconf 86' lang='lat' dir='ltr'>sed</span> <span class='ocrx_word' id='word_1_53' title='bbox 711 518 817 545; x_wconf 86' lang='lat' dir='ltr'>omnino</span> <span class='ocrx_word' id='word_1_54' title='bbox 833 516 995 554; x_wconf 75' lang='lat' dir='ltr'>glorificabit</span> 
     </span>
     <span class='ocr_line' id='line_1_10' title="bbox 260 562 994 601; baseline -0.003 -9"><span class='ocrx_word' id='word_1_55' title='bbox 260 564 358 600; x_wconf 84' lang='lat' dir='ltr'>Deum,</span> <span class='ocrx_word' id='word_1_56' title='bbox 369 563 435 592; x_wconf 86' lang='lat' dir='ltr'>dnm</span> <span class='ocrx_word' id='word_1_57' title='bbox 450 564 524 592; x_wconf 74' lang='lat' dir='ltr'>videt</span> <span class='ocrx_word' id='word_1_58' title='bbox 546 574 607 591; x_wconf 85' lang='lat' dir='ltr'>eum</span> <span class='ocrx_word' id='word_1_59' title='bbox 621 563 666 601; x_wconf 92' lang='lat' dir='ltr'>qui</span> <span class='ocrx_word' id='word_1_60' title='bbox 687 565 741 591; x_wconf 88' lang='lat' dir='ltr'>Deo</span> <span class='ocrx_word' id='word_1_61' title='bbox 756 563 836 591; x_wconf 72' lang='lat' dir='ltr'>servit</span> <span class='ocrx_word' id='word_1_62' title='bbox 848 569 936 590; x_wconf 79' lang='lat' dir='ltr'>sancte</span> <span class='ocrx_word' id='word_1_63' title='bbox 948 562 994 590; x_wconf 77' lang='lat' dir='ltr'>vi·-</span> 
     </span>
     <span class='ocr_line' id='line_1_11' title="bbox 258 607 990 647; baseline -0.004 -10"><span class='ocrx_word' id='word_1_64' title='bbox 258 616 371 638; x_wconf 74' lang='lat' dir='ltr'>vcntcm.</span> <span class='ocrx_word' id='word_1_65' title='bbox 387 609 454 644; x_wconf 84' lang='lat' dir='ltr'>Quis</span> <span class='ocrx_word' id='word_1_66' title='bbox 463 610 532 637; x_wconf 87' lang='grc'>0111111</span> <span class='ocrx_word' id='word_1_67' title='bbox 548 620 598 637; x_wconf 90' lang='lat' dir='ltr'>non</span> <span class='ocrx_word' id='word_1_68' title='bbox 610 609 786 647; x_wconf 77' lang='lat' dir='ltr'><strong>obstupescet,</strong></span> <span class='ocrx_word' id='word_1_69' title='bbox 802 607 908 645; x_wconf 82' lang='lat' dir='ltr'>quando</span> <span class='ocrx_word' id='word_1_70' title='bbox 918 608 990 645; x_wconf 80' lang='lat' dir='ltr'>quis-</span> 
     </span>
     <span class='ocr_line' id='line_1_12' title="bbox 260 651 995 693; baseline -0.004 -12"><span class='ocrx_word' id='word_1_71' title='bbox 260 653 342 693; x_wconf 84' lang='lat' dir='ltr'>piam,</span> <span class='ocrx_word' id='word_1_72' title='bbox 354 654 433 681; x_wconf 81' lang='grc'>11011111</span> <span class='ocrx_word' id='word_1_73' title='bbox 449 664 509 681; x_wconf 80' lang='lat' dir='ltr'>cuin</span> <span class='ocrx_word' id='word_1_74' title='bbox 527 652 561 681; x_wconf 83' lang='lat' dir='ltr'>sit</span> <span class='ocrx_word' id='word_1_75' title='bbox 581 653 780 690; x_wconf 84' lang='lat' dir='ltr'>communisque</span> <span class='ocrx_word' id='word_1_76' title='bbox 791 659 892 679; x_wconf 82' lang='lat' dir='ltr'>naturae</span> <span class='ocrx_word' id='word_1_77' title='bbox 909 651 995 690; x_wconf 82' lang='lat' dir='ltr'>parti-</span> 
     </span>
     <span class='ocr_line' id='line_1_13' title="bbox 257 699 993 740; baseline -0.003 -11"><span class='ocrx_word' id='word_1_78' title='bbox 257 712 317 740; x_wconf 82' lang='lat' dir='ltr'>ceps</span> <span class='ocrx_word' id='word_1_79' title='bbox 332 702 358 729; x_wconf 91' lang='lat' dir='ltr'>in</span> <span class='ocrx_word' id='word_1_80' title='bbox 380 701 529 738; x_wconf 77' lang='lat' dir='ltr'><strong>mediisque</strong></span> <span class='ocrx_word' id='word_1_81' title='bbox 542 711 650 729; x_wconf 77' lang='lat' dir='ltr'>versans</span> <span class='ocrx_word' id='word_1_82' title='bbox 669 699 834 736; x_wconf 81' lang='lat' dir='ltr'>homiuibus,</span> <span class='ocrx_word' id='word_1_83' title='bbox 851 699 993 728; x_wconf 76' lang='grc'>5101110110-</span> 
     </span>
     <span class='ocr_line' id='line_1_14' title="bbox 258 745 994 784; baseline -0.003 -9"><span class='ocrx_word' id='word_1_84' title='bbox 258 757 325 781; x_wconf 76' lang='lat' dir='ltr'>mas,</span> <span class='ocrx_word' id='word_1_85' title='bbox 340 758 390 775; x_wconf 88' lang='grc'>11011</span> <span class='ocrx_word' id='word_1_86' title='bbox 407 746 570 775; x_wconf 75' lang='lat' dir='ltr'>convertitur</span> <span class='ocrx_word' id='word_1_87' title='bbox 584 746 617 774; x_wconf 82' lang='lat' dir='ltr'>ad</span> <span class='ocrx_word' id='word_1_88' title='bbox 640 746 793 784; x_wconf 78' lang='lat' dir='ltr'>passionum</span> <span class='ocrx_word' id='word_1_89' title='bbox 806 745 921 784; x_wconf 76' lang='lat' dir='ltr'>agmen?</span> <span class='ocrx_word' id='word_1_90' title='bbox 933 756 994 774; x_wconf 89' lang='lat' dir='ltr'>cum</span> 
     </span>
     <span class='ocr_line' id='line_1_15' title="bbox 258 790 996 829; baseline -0.003 -8"><span class='ocrx_word' id='word_1_91' title='bbox 258 793 326 821; x_wconf 89' lang='lat' dir='ltr'>inter</span> <span class='ocrx_word' id='word_1_92' title='bbox 344 793 431 829; x_wconf 73' lang='lat' dir='ltr'>ignem</span> <span class='ocrx_word' id='word_1_93' title='bbox 445 798 469 819; x_wconf 92' lang='lat' dir='ltr'>et</span> <span class='ocrx_word' id='word_1_94' title='bbox 487 792 590 820; x_wconf 67' lang='lat' dir='ltr'>forrum</span> <span class='ocrx_word' id='word_1_95' title='bbox 604 798 628 819; x_wconf 93' lang='lat' dir='ltr'>et</span> <span class='ocrx_word' id='word_1_96' title='bbox 651 792 718 819; x_wconf 76' lang='lat' dir='ltr'>seras</span> <span class='ocrx_word' id='word_1_97' title='bbox 735 801 843 819; x_wconf 77' lang='lat' dir='ltr'>versans</span> <span class='ocrx_word' id='word_1_98' title='bbox 856 790 996 820; x_wconf 84' lang='lat' dir='ltr'>adamante</span> 
     </span>
     <span class='ocr_line' id='line_1_16' title="bbox 257 837 990 875; baseline 0 -10"><span class='ocrx_word' id='word_1_99' title='bbox 257 837 350 866; x_wconf 86' lang='lat' dir='ltr'>sortior</span> <span class='ocrx_word' id='word_1_100' title='bbox 371 844 417 871; x_wconf 84' lang='lat' dir='ltr'>est,</span> <span class='ocrx_word' id='word_1_101' title='bbox 435 844 461 865; x_wconf 88' lang='grc'>01</span> <span class='ocrx_word' id='word_1_102' title='bbox 474 847 521 875; x_wconf 85' lang='lat' dir='ltr'>per</span> <span class='ocrx_word' id='word_1_103' title='bbox 544 837 648 875; x_wconf 82' lang='lat' dir='ltr'>pietatis</span> <span class='ocrx_word' id='word_1_104' title='bbox 670 837 782 865; x_wconf 76' lang='lat' dir='ltr'>verbum</span> <span class='ocrx_word' id='word_1_105' title='bbox 809 837 990 875; x_wconf 82' lang='lat' dir='ltr'>rationemque</span> 
     </span>
     <span class='ocr_line' id='line_1_17' title="bbox 256 882 993 922; baseline 0.001 -12"><span class='ocrx_word' id='word_1_106' title='bbox 256 883 346 911; x_wconf 81' lang='lat' dir='ltr'>omnia</span> <span class='ocrx_word' id='word_1_107' title='bbox 361 882 547 922; x_wconf 68' lang='lat' dir='ltr'>superaverit?</span> <span class='ocrx_word' id='word_1_108' title='bbox 559 882 666 920; x_wconf 74' lang='lat' dir='ltr'>quando</span> <span class='ocrx_word' id='word_1_109' title='bbox 687 883 794 922; x_wconf 85' lang='lat' dir='ltr'><strong>probris</strong></span> <span class='ocrx_word' id='word_1_110' title='bbox 819 882 946 919; x_wconf 81' lang='lat' dir='ltr'>afficitur,</span> <span class='ocrx_word' id='word_1_111' title='bbox 968 889 993 911; x_wconf 87' lang='lat' dir='ltr'>et</span> 
     </span>
     <span class='ocr_line' id='line_1_18' title="bbox 256 928 993 966; baseline -0.001 -9"><span class='ocrx_word' id='word_1_112' title='bbox 256 928 408 957; x_wconf 69' lang='lat' dir='ltr'>benedicit?</span> <span class='ocrx_word' id='word_1_113' title='bbox 419 928 526 966; x_wconf 82' lang='lat' dir='ltr'>quando</span> <span class='ocrx_word' id='word_1_114' title='bbox 537 928 607 956; x_wconf 87' lang='lat' dir='ltr'>male</span> <span class='ocrx_word' id='word_1_115' title='bbox 620 928 708 964; x_wconf 83' lang='lat' dir='ltr'>audit,</span> <span class='ocrx_word' id='word_1_116' title='bbox 723 935 747 957; x_wconf 89' lang='lat' dir='ltr'>et</span> <span class='ocrx_word' id='word_1_117' title='bbox 759 928 851 956; x_wconf 84' lang='lat' dir='ltr'>laudat</span> <span class='ocrx_word' id='word_1_118' title='bbox 861 929 874 956; x_wconf 69' lang='grc' dir='ltr'>ἶ)</span> <span class='ocrx_word' id='word_1_119' title='bbox 886 928 993 966; x_wconf 87' lang='lat' dir='ltr'>quando</span> 
     </span>
     <span class='ocr_line' id='line_1_19' title="bbox 256 974 993 1013; baseline 0 -10"><span class='ocrx_word' id='word_1_120' title='bbox 256 975 376 1004; x_wconf 83' lang='lat' dir='ltr'>molestia</span> <span class='ocrx_word' id='word_1_121' title='bbox 399 975 421 1003; x_wconf 92' lang='lat' dir='ltr'>ei</span> <span class='ocrx_word' id='word_1_122' title='bbox 433 982 546 1010; x_wconf 82' lang='lat' dir='ltr'>creatur,</span> <span class='ocrx_word' id='word_1_123' title='bbox 559 981 585 1002; x_wconf 91' lang='lat' dir='ltr'>et</span> <span class='ocrx_word' id='word_1_124' title='bbox 599 974 645 1003; x_wconf 89' lang='lat' dir='ltr'>ille</span> <span class='ocrx_word' id='word_1_125' title='bbox 659 981 717 1003; x_wconf 83' lang='lat' dir='ltr'>orat</span> <span class='ocrx_word' id='word_1_126' title='bbox 728 985 776 1013; x_wconf 87' lang='lat' dir='ltr'>pro</span> <span class='ocrx_word' id='word_1_127' title='bbox 794 974 826 1002; x_wconf 89' lang='lat' dir='ltr'>iis</span> <span class='ocrx_word' id='word_1_128' title='bbox 841 974 887 1013; x_wconf 85' lang='lat' dir='ltr'>qui</span> <span class='ocrx_word' id='word_1_129' title='bbox 901 985 993 1003; x_wconf 83' lang='lat' dir='ltr'>secum</span> 
     </span>
     <span class='ocr_line' id='line_1_20' title="bbox 256 1020 994 1060; baseline 0 -11"><span class='ocrx_word' id='word_1_130' title='bbox 256 1021 346 1059; x_wconf 80' lang='lat' dir='ltr'>inique</span> <span class='ocrx_word' id='word_1_131' title='bbox 369 1021 473 1060; x_wconf 73' lang='lat' dir='ltr'>agunt?</span> <span class='ocrx_word' id='word_1_132' title='bbox 488 1021 596 1058; x_wconf 86' lang='lat' dir='ltr'>quando</span> <span class='ocrx_word' id='word_1_133' title='bbox 613 1020 718 1049; x_wconf 85' lang='lat' dir='ltr'>insidiis</span> <span class='ocrx_word' id='word_1_134' title='bbox 732 1021 876 1060; x_wconf 83' lang='lat' dir='ltr'>appetitur,</span> <span class='ocrx_word' id='word_1_135' title='bbox 888 1027 913 1049; x_wconf 85' lang='lat' dir='ltr'>ct</span> <span class='ocrx_word' id='word_1_136' title='bbox 937 1021 994 1059; x_wconf 88' lang='lat' dir='ltr'>ipsc</span> 
     </span>
     <span class='ocr_line' id='line_1_21' title="bbox 256 1066 993 1106; baseline 0 -11"><span class='ocrx_word' id='word_1_137' title='bbox 256 1067 384 1096; x_wconf 84' lang='lat' dir='ltr'>beneficia</span> <span class='ocrx_word' id='word_1_138' title='bbox 406 1073 513 1106; x_wconf 67' lang='lat' dir='ltr'>praestat</span> <span class='ocrx_word' id='word_1_139' title='bbox 534 1066 735 1095; x_wconf 82' lang='lat' dir='ltr'>insidiatoribus</span> <span class='ocrx_word' id='word_1_140' title='bbox 761 1074 787 1095; x_wconf 87' lang='lat' dir='ltr'>et</span> <span class='ocrx_word' id='word_1_141' title='bbox 812 1066 993 1095; x_wconf 75' lang='lat' dir='ltr'>adversariis?</span> 
     </span>
    </p>
   </div>
   <div class='ocr_carea' id='block_1_6' title="bbox 1005 1090 1040 1109">
    <p class='ocr_par' dir='ltr' id='par_1_6' title="bbox 1005 1090 1040 1109">
     <span class='ocr_line' id='line_1_22' title="bbox 1005 1090 1040 1109; baseline -0.029 0"><span class='ocrx_word' id='word_1_142' title='bbox 1005 1090 1040 1109; x_wconf 79' lang='lat'>156</span> 
     </span>
    </p>
   </div>
   <div class='ocr_carea' id='block_1_7' title="bbox 1038 176 1484 201">
    <p class='ocr_par' dir='ltr' id='par_1_7' title="bbox 1038 176 1484 201">
     <span class='ocr_line' id='line_1_23' title="bbox 1038 176 1484 201; baseline -0.004 0"><span class='ocrx_word' id='word_1_143' title='bbox 1038 179 1056 200; x_wconf 67' lang='lat' dir='ltr'>A</span> <span class='ocrx_word' id='word_1_144' title='bbox 1063 178 1177 201; x_wconf 73' lang='lat' dir='ltr'>nenti-:P</span> <span class='ocrx_word' id='word_1_145' title='bbox 1185 193 1190 199; x_wconf 91' lang='lat'>.</span> <span class='ocrx_word' id='word_1_146' title='bbox 1221 177 1281 199; x_wconf 70' lang='lat' dir='ltr'>CON</span> <span class='ocrx_word' id='word_1_147' title='bbox 1287 177 1346 199; x_wconf 71' lang='lat' dir='ltr'>STA</span> <span class='ocrx_word' id='word_1_148' title='bbox 1352 177 1368 199; x_wconf 57' lang='grc' dir='ltr'><strong>ἢ</strong></span> <span class='ocrx_word' id='word_1_149' title='bbox 1374 177 1404 199; x_wconf 79' lang='grc' dir='ltr'>Ἠ</span> <span class='ocrx_word' id='word_1_150' title='bbox 1410 176 1471 199; x_wconf 76' lang='grc' dir='ltr'>ΝΟΡ</span> <span class='ocrx_word' id='word_1_151' title='bbox 1478 191 1484 198; x_wconf 88' lang='grc'><strong><em>.</em></strong></span> 
     </span>
    </p>
   </div>
   <div class='ocr_carea' id='block_1_8' title="bbox 1047 236 1815 1107">
    <p class='ocr_par' dir='ltr' id='par_1_8' title="bbox 1047 236 1815 1107">
     <span class='ocr_line' id='line_1_24' title="bbox 1048 236 1811 277; baseline -0.004 -8"><span class='ocrx_word' id='word_1_152' title='bbox 1048 239 1103 269; x_wconf 83' lang='grc' dir='ltr'>Ἀπ’</span> <span class='ocrx_word' id='word_1_153' title='bbox 1117 239 1220 269; x_wconf 81' lang='grc' dir='ltr'>ἐκείνων</span> <span class='ocrx_word' id='word_1_154' title='bbox 1234 238 1280 276; x_wconf 77' lang='grc' dir='ltr'>μὲν</span> <span class='ocrx_word' id='word_1_155' title='bbox 1292 238 1341 277; x_wconf 81' lang='grc' dir='ltr'>γὰρ</span> <span class='ocrx_word' id='word_1_156' title='bbox 1356 240 1406 267; x_wconf 80' lang='grc' dir='ltr'>τῶν</span> <span class='ocrx_word' id='word_1_157' title='bbox 1421 238 1572 276; x_wconf 77' lang='grc' dir='ltr'>κτισμάτων</span> <span class='ocrx_word' id='word_1_158' title='bbox 1588 237 1615 267; x_wconf 70' lang='grc' dir='ltr'>οὐ</span> <span class='ocrx_word' id='word_1_159' title='bbox 1630 237 1723 270; x_wconf 78' lang='grc' dir='ltr'>πάντες</span> <span class='ocrx_word' id='word_1_160' title='bbox 1737 236 1811 271; x_wconf 76' lang='grc' dir='ltr'>δοξά-</span> 
     </span>
     <span class='ocr_line' id='line_1_25' title="bbox 1047 280 1813 322; baseline -0.003 -8"><span class='ocrx_word' id='word_1_161' title='bbox 1047 288 1142 320; x_wconf 74' lang='grc' dir='ltr'>ζουσιν,</span> <span class='ocrx_word' id='word_1_162' title='bbox 1159 284 1226 313; x_wconf 78' lang='grc' dir='ltr'>ἀλλὰ</span> <span class='ocrx_word' id='word_1_163' title='bbox 1246 284 1338 313; x_wconf 79' lang='grc' dir='ltr'>πολλοὶ</span> <span class='ocrx_word' id='word_1_164' title='bbox 1355 284 1400 312; x_wconf 86' lang='grc' dir='ltr'>καὶ</span> <span class='ocrx_word' id='word_1_165' title='bbox 1416 283 1550 321; x_wconf 84' lang='grc' dir='ltr'>αὐτόματα</span> <span class='ocrx_word' id='word_1_166' title='bbox 1571 280 1637 312; x_wconf 71' lang='grc' dir='ltr'>εἶναι</span> <span class='ocrx_word' id='word_1_167' title='bbox 1655 283 1758 322; x_wconf 82' lang='grc' dir='ltr'>λέγουσι</span> <span class='ocrx_word' id='word_1_168' title='bbox 1777 283 1813 312; x_wconf 76' lang='grc' dir='ltr'>τὰ</span> 
     </span>
     <span class='ocr_line' id='line_1_26' title="bbox 1047 329 1810 368; baseline -0.001 -9"><span class='ocrx_word' id='word_1_169' title='bbox 1047 331 1123 360; x_wconf 80' lang='grc' dir='ltr'>ὄντα·</span> <span class='ocrx_word' id='word_1_170' title='bbox 1139 331 1214 359; x_wconf 78' lang='grc' dir='ltr'>ἄλλοι</span> <span class='ocrx_word' id='word_1_171' title='bbox 1230 330 1257 358; x_wconf 78' lang='grc' dir='ltr'>δὲ</span> <span class='ocrx_word' id='word_1_172' title='bbox 1272 330 1317 358; x_wconf 84' lang='grc' dir='ltr'>καὶ</span> <span class='ocrx_word' id='word_1_173' title='bbox 1336 330 1456 368; x_wconf 73' lang='grc' dir='ltr'>δαίμοσιν</span> <span class='ocrx_word' id='word_1_174' title='bbox 1473 330 1623 359; x_wconf 77' lang='grc' dir='ltr'>ἀνατιθέασι</span> <span class='ocrx_word' id='word_1_175' title='bbox 1643 332 1688 358; x_wconf 75' lang='grc' dir='ltr'>τοῦ</span> <span class='ocrx_word' id='word_1_176' title='bbox 1711 329 1810 367; x_wconf 82' lang='grc' dir='ltr'>κόσμου</span> 
     </span>
     <span class='ocr_line' id='line_1_27' title="bbox 1047 375 1812 416; baseline 0 -12"><span class='ocrx_word' id='word_1_177' title='bbox 1047 377 1094 411; x_wconf 71' lang='grc' dir='ltr'>τὴν</span> <span class='ocrx_word' id='word_1_178' title='bbox 1119 376 1287 415; x_wconf 77' lang='grc' dir='ltr'>δημιουργίαν</span> <span class='ocrx_word' id='word_1_179' title='bbox 1314 377 1359 405; x_wconf 74' lang='grc' dir='ltr'>καὶ</span> <span class='ocrx_word' id='word_1_180' title='bbox 1378 376 1426 412; x_wconf 82' lang='grc' dir='ltr'>τὴν</span> <span class='ocrx_word' id='word_1_181' title='bbox 1447 376 1579 415; x_wconf 77' lang='grc' dir='ltr'>πρόνοιαν,</span> <span class='ocrx_word' id='word_1_182' title='bbox 1600 375 1625 404; x_wconf 85' lang='grc' dir='ltr'>οἲ</span> <span class='ocrx_word' id='word_1_183' title='bbox 1645 376 1690 404; x_wconf 85' lang='grc' dir='ltr'>καὶ</span> <span class='ocrx_word' id='word_1_184' title='bbox 1713 376 1812 416; x_wconf 82' lang='grc' dir='ltr'>σφόδρα</span> 
     </span>
     <span class='ocr_line' id='line_1_28' title="bbox 1049 421 1813 462; baseline 0 -12"><span class='ocrx_word' id='word_1_185' title='bbox 1049 422 1222 460; x_wconf 80' lang='grc' dir='ltr'>ἀσύγγνωστα</span> <span class='ocrx_word' id='word_1_186' title='bbox 1237 423 1443 462; x_wconf 76' lang='grc' dir='ltr'>ἁμαρτάνουσιν·</span> <span class='ocrx_word' id='word_1_187' title='bbox 1460 422 1503 451; x_wconf 78' lang='grc' dir='ltr'>ἐπὶ</span> <span class='ocrx_word' id='word_1_188' title='bbox 1520 422 1547 450; x_wconf 77' lang='grc' dir='ltr'>δὲ</span> <span class='ocrx_word' id='word_1_189' title='bbox 1567 421 1702 461; x_wconf 84' lang='grc' dir='ltr'>ἀνθρώπου</span> <span class='ocrx_word' id='word_1_190' title='bbox 1718 424 1813 462; x_wconf 81' lang='grc' dir='ltr'>ἀρετῆς</span> 
     </span>
     <span class='ocr_line' id='line_1_29' title="bbox 1049 467 1814 507; baseline 0.001 -12"><span class='ocrx_word' id='word_1_191' title='bbox 1049 468 1131 500; x_wconf 69' lang='grc' dir='ltr'>οὐδεὶς</span> <span class='ocrx_word' id='word_1_192' title='bbox 1143 471 1251 496; x_wconf 77' lang='grc' dir='ltr'>τοιαῦτα</span> <span class='ocrx_word' id='word_1_193' title='bbox 1266 470 1472 507; x_wconf 49' lang='grc' dir='ltr'>ἀναισΙ-υντῆσαι</span> <span class='ocrx_word' id='word_1_194' title='bbox 1487 469 1624 504; x_wconf 77' lang='grc' dir='ltr'>δυνήσεται</span> <span class='ocrx_word' id='word_1_195' title='bbox 1635 491 1642 504; x_wconf 83' lang='grc'>,</span> <span class='ocrx_word' id='word_1_196' title='bbox 1663 467 1732 496; x_wconf 79' lang='grc' dir='ltr'>ἀλλὰ</span> <span class='ocrx_word' id='word_1_197' title='bbox 1746 468 1814 497; x_wconf 85' lang='grc' dir='ltr'>πάν-</span> 
     </span>
     <span class='ocr_line' id='line_1_30' title="bbox 1049 513 1814 553; baseline 0.003 -12"><span class='ocrx_word' id='word_1_198' title='bbox 1049 524 1100 545; x_wconf 85' lang='grc' dir='ltr'>τως</span> <span class='ocrx_word' id='word_1_199' title='bbox 1124 513 1226 546; x_wconf 82' lang='grc' dir='ltr'>δοξάσει</span> <span class='ocrx_word' id='word_1_200' title='bbox 1247 514 1290 542; x_wconf 84' lang='grc' dir='ltr'>τὸν</span> <span class='ocrx_word' id='word_1_201' title='bbox 1311 515 1389 551; x_wconf 81' lang='grc' dir='ltr'>Θεὸν,</span> <span class='ocrx_word' id='word_1_202' title='bbox 1409 514 1453 542; x_wconf 83' lang='grc' dir='ltr'>τὸν</span> <span class='ocrx_word' id='word_1_203' title='bbox 1474 514 1626 543; x_wconf 79' lang='grc' dir='ltr'>δουλεύοντα</span> <span class='ocrx_word' id='word_1_204' title='bbox 1654 516 1724 553; x_wconf 80' lang='grc' dir='ltr'>αὐτῷ</span> <span class='ocrx_word' id='word_1_205' title='bbox 1746 514 1814 552; x_wconf 82' lang='grc' dir='ltr'>μετὰ</span> 
     </span>
     <span class='ocr_line' id='line_1_31' title="bbox 1051 560 1814 600; baseline 0 -13"><span class='ocrx_word' id='word_1_206' title='bbox 1051 561 1146 598; x_wconf 79' lang='grc' dir='ltr'>ἀρετῆς</span> <span class='ocrx_word' id='word_1_207' title='bbox 1160 561 1244 593; x_wconf 81' lang='grc' dir='ltr'>ζῶντα</span> <span class='ocrx_word' id='word_1_208' title='bbox 1256 561 1330 599; x_wconf 80' lang='grc' dir='ltr'>ὁρῶν.</span> <span class='ocrx_word' id='word_1_209' title='bbox 1345 560 1393 593; x_wconf 87' lang='grc' dir='ltr'>Τίς</span> <span class='ocrx_word' id='word_1_210' title='bbox 1405 561 1455 600; x_wconf 75' lang='grc' dir='ltr'>γὰρ</span> <span class='ocrx_word' id='word_1_211' title='bbox 1467 562 1514 589; x_wconf 84' lang='grc' dir='ltr'>οὐκ</span> <span class='ocrx_word' id='word_1_212' title='bbox 1527 560 1738 599; x_wconf 77' lang='grc' dir='ltr'>ἐκπλαγήσεται,</span> <span class='ocrx_word' id='word_1_213' title='bbox 1749 560 1814 590; x_wconf 78' lang='grc' dir='ltr'>ὅταν</span> 
     </span>
     <span class='ocr_line' id='line_1_32' title="bbox 1052 606 1814 646; baseline 0.001 -12"><span class='ocrx_word' id='word_1_214' title='bbox 1052 606 1186 644; x_wconf 74' lang='grc' dir='ltr'>ἄνθρωπός</span> <span class='ocrx_word' id='word_1_215' title='bbox 1196 618 1235 638; x_wconf 86' lang='grc' dir='ltr'>τις</span> <span class='ocrx_word' id='word_1_216' title='bbox 1245 606 1290 642; x_wconf 81' lang='grc' dir='ltr'>ὢν,</span> <span class='ocrx_word' id='word_1_217' title='bbox 1301 606 1347 635; x_wconf 84' lang='grc' dir='ltr'>καὶ</span> <span class='ocrx_word' id='word_1_218' title='bbox 1356 609 1402 642; x_wconf 76' lang='grc' dir='ltr'>τῆς</span> <span class='ocrx_word' id='word_1_219' title='bbox 1414 609 1502 641; x_wconf 66' lang='grc' dir='ltr'>κοινῆς</span> <span class='ocrx_word' id='word_1_220' title='bbox 1513 607 1631 646; x_wconf 75' lang='grc' dir='ltr'>μετέχων</span> <span class='ocrx_word' id='word_1_221' title='bbox 1642 606 1742 644; x_wconf 74' lang='grc' dir='ltr'>φύσεως</span> <span class='ocrx_word' id='word_1_222' title='bbox 1750 629 1758 642; x_wconf 89' lang='grc'>,</span> <span class='ocrx_word' id='word_1_223' title='bbox 1768 607 1814 635; x_wconf 79' lang='grc' dir='ltr'>καὶ</span> 
     </span>
     <span class='ocr_line' id='line_1_33' title="bbox 1051 652 1813 693; baseline 0.003 -13"><span class='ocrx_word' id='word_1_224' title='bbox 1051 653 1078 680; x_wconf 79' lang='grc' dir='ltr'>ἓν</span> <span class='ocrx_word' id='word_1_225' title='bbox 1093 652 1182 689; x_wconf 82' lang='grc' dir='ltr'>μέσοις</span> <span class='ocrx_word' id='word_1_226' title='bbox 1197 652 1370 692; x_wconf 69' lang='grc' dir='ltr'>στρεφόμενος</span> <span class='ocrx_word' id='word_1_227' title='bbox 1383 653 1543 693; x_wconf 75' lang='grc' dir='ltr'>ἀνθρώποις,</span> <span class='ocrx_word' id='word_1_228' title='bbox 1559 652 1676 692; x_wconf 78' lang='grc' dir='ltr'>καθάπερ</span> <span class='ocrx_word' id='word_1_229' title='bbox 1692 653 1795 691; x_wconf 75' lang='grc' dir='ltr'>ἀδάμας</span> <span class='ocrx_word' id='word_1_230' title='bbox 1805 676 1813 689; x_wconf 90' lang='grc'>,</span> 
     </span>
     <span class='ocr_line' id='line_1_34' title="bbox 1052 697 1814 738; baseline 0 -12"><span class='ocrx_word' id='word_1_231' title='bbox 1052 697 1088 736; x_wconf 85' lang='grc' dir='ltr'>μὴ</span> <span class='ocrx_word' id='word_1_232' title='bbox 1105 698 1304 736; x_wconf 76' lang='grc' dir='ltr'>ἐπικάμπτηται</span> <span class='ocrx_word' id='word_1_233' title='bbox 1320 699 1384 738; x_wconf 84' lang='grc' dir='ltr'>πρὸς</span> <span class='ocrx_word' id='word_1_234' title='bbox 1404 698 1448 726; x_wconf 82' lang='grc' dir='ltr'>τὸν</span> <span class='ocrx_word' id='word_1_235' title='bbox 1463 701 1514 727; x_wconf 80' lang='grc' dir='ltr'>τῶν</span> <span class='ocrx_word' id='word_1_236' title='bbox 1532 701 1622 727; x_wconf 82' lang='grc' dir='ltr'>παθῶν</span> <span class='ocrx_word' id='word_1_237' title='bbox 1635 698 1730 736; x_wconf 58' lang='lat' dir='ltr'>{cp-6⁸13</span> <span class='ocrx_word' id='word_1_238' title='bbox 1751 698 1814 728; x_wconf 80' lang='grc' dir='ltr'>ὅταν</span> 
     </span>
     <span class='ocr_line' id='line_1_35' title="bbox 1052 743 1815 783; baseline 0.001 -11"><span class='ocrx_word' id='word_1_239' title='bbox 1052 743 1147 781; x_wconf 76' lang='grc' dir='ltr'>μεταξὺ</span> <span class='ocrx_word' id='word_1_240' title='bbox 1160 744 1241 783; x_wconf 82' lang='grc' dir='ltr'>πυρὸς</span> <span class='ocrx_word' id='word_1_241' title='bbox 1251 744 1295 772; x_wconf 81' lang='grc' dir='ltr'>καὶ</span> <span class='ocrx_word' id='word_1_242' title='bbox 1309 744 1417 783; x_wconf 74' lang='grc' dir='ltr'>σιδήρου</span> <span class='ocrx_word' id='word_1_243' title='bbox 1436 745 1481 773; x_wconf 79' lang='grc' dir='ltr'>καὶ</span> <span class='ocrx_word' id='word_1_244' title='bbox 1495 744 1591 783; x_wconf 82' lang='grc' dir='ltr'>θηρίων</span> <span class='ocrx_word' id='word_1_245' title='bbox 1608 744 1653 781; x_wconf 83' lang='grc' dir='ltr'>ὧν,</span> <span class='ocrx_word' id='word_1_246' title='bbox 1668 744 1815 782; x_wconf 81' lang='grc' dir='ltr'>ἀδάμαντος</span> 
     </span>
     <span class='ocr_line' id='line_1_36' title="bbox 1052 785 1815 830; baseline 0.001 -12"><span class='ocrx_word' id='word_1_247' title='bbox 1052 789 1216 829; x_wconf 75' lang='grc' dir='ltr'>ἰσχυρότερος</span> <span class='ocrx_word' id='word_1_248' title='bbox 1237 785 1269 829; x_wconf 72' lang='grc' dir='ltr'>ᾗ,</span> <span class='ocrx_word' id='word_1_249' title='bbox 1290 790 1334 818; x_wconf 85' lang='grc' dir='ltr'>καὶ</span> <span class='ocrx_word' id='word_1_250' title='bbox 1353 791 1520 830; x_wconf 78' lang='grc' dir='ltr'>περιγένηται</span> <span class='ocrx_word' id='word_1_251' title='bbox 1534 791 1639 820; x_wconf 83' lang='grc' dir='ltr'>πάντων</span> <span class='ocrx_word' id='word_1_252' title='bbox 1655 790 1699 819; x_wconf 83' lang='grc' dir='ltr'>διὰ</span> <span class='ocrx_word' id='word_1_253' title='bbox 1711 790 1755 819; x_wconf 81' lang='grc' dir='ltr'>τὸν</span> <span class='ocrx_word' id='word_1_254' title='bbox 1767 793 1815 826; x_wconf 75' lang='grc' dir='ltr'>τῆς</span> 
     </span>
     <span class='ocr_line' id='line_1_37' title="bbox 1051 836 1814 876; baseline 0.001 -12"><span class='ocrx_word' id='word_1_255' title='bbox 1051 836 1183 868; x_wconf 61' lang='grc' dir='ltr'>εὐσεὲείας</span> <span class='ocrx_word' id='word_1_256' title='bbox 1205 836 1297 874; x_wconf 64' lang='grc' dir='ltr'>λόγως</span> <span class='ocrx_word' id='word_1_257' title='bbox 1314 837 1375 865; x_wconf 78' lang='grc' dir='ltr'>ὅταν</span> <span class='ocrx_word' id='word_1_258' title='bbox 1397 836 1551 875; x_wconf 67' lang='grc' dir='ltr'>ὑῧρίζηται,</span> <span class='ocrx_word' id='word_1_259' title='bbox 1567 837 1612 865; x_wconf 84' lang='grc' dir='ltr'>καὶ</span> <span class='ocrx_word' id='word_1_260' title='bbox 1627 837 1734 876; x_wconf 69' lang='grc' dir='ltr'>εὐλογῇς</span> <span class='ocrx_word' id='word_1_261' title='bbox 1751 836 1814 866; x_wconf 78' lang='grc' dir='ltr'>ὅταν</span> 
     </span>
     <span class='ocr_line' id='line_1_38' title="bbox 1051 882 1813 922; baseline 0.003 -12"><span class='ocrx_word' id='word_1_262' title='bbox 1051 884 1140 915; x_wconf 73' lang='grc' dir='ltr'>κακῶς</span> <span class='ocrx_word' id='word_1_263' title='bbox 1156 882 1237 921; x_wconf 77' lang='grc' dir='ltr'>ἀκούῃ</span> <span class='ocrx_word' id='word_1_264' title='bbox 1246 905 1253 917; x_wconf 94' lang='grc'>,</span> <span class='ocrx_word' id='word_1_265' title='bbox 1278 882 1322 910; x_wconf 81' lang='grc' dir='ltr'>καὶ</span> <span class='ocrx_word' id='word_1_266' title='bbox 1348 882 1516 921; x_wconf 78' lang='grc' dir='ltr'>ἐγκο)μιάζῃ;</span> <span class='ocrx_word' id='word_1_267' title='bbox 1541 882 1603 912; x_wconf 80' lang='grc' dir='ltr'>ὅταν</span> <span class='ocrx_word' id='word_1_268' title='bbox 1618 883 1794 922; x_wconf 70' lang='grc' dir='ltr'>ἐπηρεάζηται</span> <span class='ocrx_word' id='word_1_269' title='bbox 1804 906 1813 918; x_wconf 88' lang='grc'>,</span> 
     </span>
     <span class='ocr_line' id='line_1_39' title="bbox 1051 927 1815 968; baseline 0.003 -12"><span class='ocrx_word' id='word_1_270' title='bbox 1051 929 1095 957; x_wconf 81' lang='grc' dir='ltr'>καὶ</span> <span class='ocrx_word' id='word_1_271' title='bbox 1110 927 1220 967; x_wconf 64' lang='grc' dir='ltr'>εὔχηται</span> <span class='ocrx_word' id='word_1_272' title='bbox 1239 928 1304 968; x_wconf 76' lang='grc' dir='ltr'>ὑπὲρ</span> <span class='ocrx_word' id='word_1_273' title='bbox 1317 930 1369 957; x_wconf 81' lang='grc' dir='ltr'>τῶν</span> <span class='ocrx_word' id='word_1_274' title='bbox 1384 929 1555 964; x_wconf 70' lang='grc' dir='ltr'>ἀδικούντωνς</span> <span class='ocrx_word' id='word_1_275' title='bbox 1569 929 1630 958; x_wconf 73' lang='grc' dir='ltr'>ὅταν</span> <span class='ocrx_word' id='word_1_276' title='bbox 1646 929 1815 964; x_wconf 73' lang='grc' dir='ltr'>ἐπιὸουλεύη-</span> 
     </span>
     <span class='ocr_line' id='line_1_40' title="bbox 1050 973 1815 1015; baseline 0.004 -13"><span class='ocrx_word' id='word_1_277' title='bbox 1050 987 1093 1003; x_wconf 86' lang='grc' dir='ltr'>ται</span> <span class='ocrx_word' id='word_1_278' title='bbox 1104 997 1112 1009; x_wconf 88' lang='grc'>,</span> <span class='ocrx_word' id='word_1_279' title='bbox 1127 973 1172 1003; x_wconf 81' lang='grc' dir='ltr'>καὶ</span> <span class='ocrx_word' id='word_1_280' title='bbox 1184 976 1304 1014; x_wconf 74' lang='grc' dir='ltr'>εὐεργετῇ</span> <span class='ocrx_word' id='word_1_281' title='bbox 1317 974 1376 1008; x_wconf 69' lang='grc' dir='ltr'>τοὺς</span> <span class='ocrx_word' id='word_1_282' title='bbox 1383 976 1561 1013; x_wconf 81' lang='grc' dir='ltr'>πολεμοῦντας</span> <span class='ocrx_word' id='word_1_283' title='bbox 1573 977 1642 1015; x_wconf 83' lang='grc' dir='ltr'>αὐτῷ</span> <span class='ocrx_word' id='word_1_284' title='bbox 1654 976 1699 1004; x_wconf 85' lang='grc' dir='ltr'>καὶ</span> <span class='ocrx_word' id='word_1_285' title='bbox 1709 976 1815 1005; x_wconf 69' lang='grc' dir='ltr'>ἐπιδου-</span> 
     </span>
     <span class='ocr_line' id='line_1_41' title="bbox 1050 1020 1814 1060; baseline 0.003 -12"><span class='ocrx_word' id='word_1_286' title='bbox 1050 1020 1184 1055; x_wconf 80' lang='grc' dir='ltr'>λεύοντας;</span> <span class='ocrx_word' id='word_1_287' title='bbox 1201 1021 1292 1049; x_wconf 69' lang='grc' dir='ltr'>Ταῦτα</span> <span class='ocrx_word' id='word_1_288' title='bbox 1312 1020 1362 1059; x_wconf 72' lang='grc' dir='ltr'>γὰρ</span> <span class='ocrx_word' id='word_1_289' title='bbox 1383 1021 1428 1050; x_wconf 79' lang='grc' dir='ltr'>καὶ</span> <span class='ocrx_word' id='word_1_290' title='bbox 1448 1021 1481 1050; x_wconf 83' lang='grc' dir='ltr'>τὰ</span> <span class='ocrx_word' id='word_1_291' title='bbox 1501 1024 1608 1050; x_wconf 74' lang='grc' dir='ltr'>τοιαῦτα</span> <span class='ocrx_word' id='word_1_292' title='bbox 1627 1024 1679 1050; x_wconf 84' lang='grc' dir='ltr'>τῶν</span> <span class='ocrx_word' id='word_1_293' title='bbox 1700 1022 1814 1060; x_wconf 78' lang='grc' dir='ltr'>οὐρανῶν</span> 
     </span>
     <span class='ocr_line' id='line_1_42' title="bbox 1050 1066 1815 1107; baseline 0.003 -13"><span class='ocrx_word' id='word_1_294' title='bbox 1050 1067 1139 1105; x_wconf 78' lang='grc' dir='ltr'>πολλῷ</span> <span class='ocrx_word' id='word_1_295' title='bbox 1151 1067 1249 1104; x_wconf 72' lang='grc' dir='ltr'>μᾶλλον</span> <span class='ocrx_word' id='word_1_296' title='bbox 1261 1066 1362 1099; x_wconf 75' lang='grc' dir='ltr'>δοξάσει</span> <span class='ocrx_word' id='word_1_297' title='bbox 1374 1067 1418 1095; x_wconf 80' lang='grc' dir='ltr'>τὸν</span> <span class='ocrx_word' id='word_1_298' title='bbox 1430 1067 1506 1096; x_wconf 87' lang='grc' dir='ltr'>Θεόν.</span> <span class='ocrx_word' id='word_1_299' title='bbox 1522 1067 1575 1096; x_wconf 82' lang='grc' dir='ltr'>Τὸν</span> <span class='ocrx_word' id='word_1_300' title='bbox 1589 1066 1635 1105; x_wconf 81' lang='grc' dir='ltr'>μὲν</span> <span class='ocrx_word' id='word_1_301' title='bbox 1646 1067 1698 1106; x_wconf 78' lang='grc' dir='ltr'>γὰρ</span> <span class='ocrx_word' id='word_1_302' title='bbox 1708 1067 1815 1107; x_wconf 76' lang='grc' dir='ltr'>οὐρανὸν</span> 
     </span>
    </p>
   </div>
   <div class='ocr_carea' id='block_1_9' title="bbox 258 1112 1816 1153">
    <p class='ocr_par' dir='ltr' id='par_1_9' title="bbox 258 1112 1816 1153">
     <span class='ocr_line' id='line_1_43' title="bbox 258 1112 1816 1153; baseline 0.001 -12"><span class='ocrx_word' id='word_1_303' title='bbox 258 1113 322 1141; x_wconf 78' lang='lat' dir='ltr'>Haec</span> <span class='ocrx_word' id='word_1_304' title='bbox 333 1120 358 1142; x_wconf 88' lang='grc'>01</span> <span class='ocrx_word' id='word_1_305' title='bbox 372 1113 471 1141; x_wconf 76' lang='lat' dir='ltr'>similia</span> <span class='ocrx_word' id='word_1_306' title='bbox 485 1113 570 1151; x_wconf 82' lang='lat' dir='ltr'>magis</span> <span class='ocrx_word' id='word_1_307' title='bbox 579 1124 659 1151; x_wconf 89' lang='lat' dir='ltr'>quam</span> <span class='ocrx_word' id='word_1_308' title='bbox 669 1113 726 1141; x_wconf 80' lang='lat' dir='ltr'>caeli</span> <span class='ocrx_word' id='word_1_309' title='bbox 737 1113 992 1152; x_wconf 85' lang='lat' dir='ltr'>glorificantDeum.</span> <span class='ocrx_word' id='word_1_310' title='bbox 1014 1118 1033 1139; x_wconf 70' lang='lat' dir='ltr'><strong>A</strong></span> <span class='ocrx_word' id='word_1_311' title='bbox 1051 1114 1160 1151; x_wconf 81' lang='grc' dir='ltr'>ὁρῶντες</span> <span class='ocrx_word' id='word_1_312' title='bbox 1174 1112 1316 1148; x_wconf 68' lang='grc' dir='ltr'>εΈλληνες,</span> <span class='ocrx_word' id='word_1_313' title='bbox 1331 1113 1378 1140; x_wconf 83' lang='grc' dir='ltr'>οὐκ</span> <span class='ocrx_word' id='word_1_314' title='bbox 1398 1113 1578 1151; x_wconf 58' lang='grc' dir='ltr'>αἰσχύνονται·</span> <span class='ocrx_word' id='word_1_315' title='bbox 1593 1113 1666 1152; x_wconf 82' lang='grc' dir='ltr'>ἅγιον</span> <span class='ocrx_word' id='word_1_316' title='bbox 1687 1112 1715 1142; x_wconf 79' lang='grc' dir='ltr'>δὲ</span> <span class='ocrx_word' id='word_1_317' title='bbox 1734 1113 1816 1153; x_wconf 84' lang='grc' dir='ltr'>ἄνδρα</span> 
     </span>
    </p>
   </div>
   <div class='ocr_carea' id='block_1_10' title="bbox 256 1158 997 2627">
    <p class='ocr_par' dir='ltr' id='par_1_10' title="bbox 256 1158 997 2627">
     <span class='ocr_line' id='line_1_44' title="bbox 257 1158 995 1198; baseline -0.001 -10"><span class='ocrx_word' id='word_1_318' title='bbox 257 1159 345 1188; x_wconf 65' lang='lat' dir='ltr'>Graeci</span> <span class='ocrx_word' id='word_1_319' title='bbox 367 1170 480 1197; x_wconf 83' lang='lat' dir='ltr'>namque</span> <span class='ocrx_word' id='word_1_320' title='bbox 495 1159 588 1188; x_wconf 75' lang='lat' dir='ltr'>caetum</span> <span class='ocrx_word' id='word_1_321' title='bbox 603 1159 734 1195; x_wconf 81' lang='lat' dir='ltr'>videntes,</span> <span class='ocrx_word' id='word_1_322' title='bbox 750 1169 803 1187; x_wconf 90' lang='lat' dir='ltr'>non</span> <span class='ocrx_word' id='word_1_323' title='bbox 823 1158 926 1198; x_wconf 84' lang='lat' dir='ltr'>pudore</span> <span class='ocrx_word' id='word_1_324' title='bbox 936 1159 995 1187; x_wconf 82' lang='lat' dir='ltr'>affi-</span> 
     </span>
     <span class='ocr_line' id='line_1_45' title="bbox 256 1204 997 1242; baseline 0 -9"><span class='ocrx_word' id='word_1_325' title='bbox 256 1207 363 1234; x_wconf 86' lang='lat' dir='ltr'>ciuntur</span> <span class='ocrx_word' id='word_1_326' title='bbox 369 1217 377 1242; x_wconf 89' lang='lat'>;</span> <span class='ocrx_word' id='word_1_327' title='bbox 390 1212 511 1234; x_wconf 83' lang='lat' dir='ltr'>sanctum</span> <span class='ocrx_word' id='word_1_328' title='bbox 530 1212 620 1233; x_wconf 85' lang='lat' dir='ltr'>autem</span> <span class='ocrx_word' id='word_1_329' title='bbox 636 1206 726 1234; x_wconf 84' lang='lat' dir='ltr'>virum</span> <span class='ocrx_word' id='word_1_330' title='bbox 742 1204 861 1233; x_wconf 85' lang='lat' dir='ltr'>videntes</span> <span class='ocrx_word' id='word_1_331' title='bbox 876 1211 997 1233; x_wconf 82' lang='lat' dir='ltr'>accurate</span> 
     </span>
     <span class='ocr_line' id='line_1_46' title="bbox 256 1250 996 1291; baseline -0.001 -12"><span class='ocrx_word' id='word_1_332' title='bbox 256 1251 453 1291; x_wconf 81' lang='lat' dir='ltr'>philosophiam</span> <span class='ocrx_word' id='word_1_333' title='bbox 477 1251 657 1285; x_wconf 79' lang='lat' dir='ltr'>exhibentem,</span> <span class='ocrx_word' id='word_1_334' title='bbox 680 1250 782 1289; x_wconf 88' lang='lat' dir='ltr'>pudore</span> <span class='ocrx_word' id='word_1_335' title='bbox 805 1250 996 1279; x_wconf 83' lang='lat' dir='ltr'>suffunduntur</span> 
     </span>
     <span class='ocr_line' id='line_1_47' title="bbox 257 1295 995 1335; baseline -0.001 -10"><span class='ocrx_word' id='word_1_336' title='bbox 257 1308 364 1335; x_wconf 83' lang='lat' dir='ltr'><strong>seseque</strong></span> <span class='ocrx_word' id='word_1_337' title='bbox 383 1297 520 1325; x_wconf 78' lang='lat' dir='ltr'>damnant.</span> <span class='ocrx_word' id='word_1_338' title='bbox 539 1297 607 1324; x_wconf 89' lang='lat' dir='ltr'>Cum</span> <span class='ocrx_word' id='word_1_339' title='bbox 621 1295 692 1324; x_wconf 86' lang='lat' dir='ltr'>enim</span> <span class='ocrx_word' id='word_1_340' title='bbox 706 1296 738 1332; x_wconf 88' lang='grc'>15,</span> <span class='ocrx_word' id='word_1_341' title='bbox 753 1296 799 1334; x_wconf 89' lang='lat' dir='ltr'>qui</span> <span class='ocrx_word' id='word_1_342' title='bbox 810 1295 931 1334; x_wconf 86' lang='lat' dir='ltr'>ejusdem</span> <span class='ocrx_word' id='word_1_343' title='bbox 944 1306 995 1324; x_wconf 83' lang='lat' dir='ltr'>na·-</span> 
     </span>
     <span class='ocr_line' id='line_1_48' title="bbox 258 1342 995 1381; baseline -0.003 -9"><span class='ocrx_word' id='word_1_344' title='bbox 258 1351 324 1372; x_wconf 76' lang='lat' dir='ltr'>turae</span> <span class='ocrx_word' id='word_1_345' title='bbox 339 1354 445 1372; x_wconf 87' lang='lat' dir='ltr'>consors</span> <span class='ocrx_word' id='word_1_346' title='bbox 468 1350 516 1379; x_wconf 87' lang='lat' dir='ltr'>est,</span> <span class='ocrx_word' id='word_1_347' title='bbox 537 1343 575 1371; x_wconf 86' lang='lat' dir='ltr'>ita</span> <span class='ocrx_word' id='word_1_348' title='bbox 594 1342 713 1381; x_wconf 84' lang='lat' dir='ltr'>superior</span> <span class='ocrx_word' id='word_1_349' title='bbox 728 1342 782 1370; x_wconf 90' lang='lat' dir='ltr'>illis</span> <span class='ocrx_word' id='word_1_350' title='bbox 801 1349 849 1379; x_wconf 85' lang='lat' dir='ltr'>est,</span> <span class='ocrx_word' id='word_1_351' title='bbox 864 1349 889 1370; x_wconf 90' lang='lat' dir='ltr'>et</span> <span class='ocrx_word' id='word_1_352' title='bbox 910 1342 995 1371; x_wconf 85' lang='lat' dir='ltr'>multo</span> 
     </span>
     <span class='ocr_line' id='line_1_49' title="bbox 258 1386 994 1426; baseline -0.001 -10"><span class='ocrx_word' id='word_1_353' title='bbox 258 1388 350 1426; x_wconf 82' lang='lat' dir='ltr'>magis,</span> <span class='ocrx_word' id='word_1_354' title='bbox 365 1398 446 1425; x_wconf 84' lang='lat' dir='ltr'>quam</span> <span class='ocrx_word' id='word_1_355' title='bbox 471 1387 566 1415; x_wconf 81' lang='lat' dir='ltr'>caelum</span> <span class='ocrx_word' id='word_1_356' title='bbox 592 1394 690 1415; x_wconf 85' lang='lat' dir='ltr'>terram</span> <span class='ocrx_word' id='word_1_357' title='bbox 714 1393 834 1425; x_wconf 78' lang='lat' dir='ltr'>superat3</span> <span class='ocrx_word' id='word_1_358' title='bbox 848 1386 893 1414; x_wconf 82' lang='lat' dir='ltr'>vel</span> <span class='ocrx_word' id='word_1_359' title='bbox 913 1386 994 1415; x_wconf 79' lang='lat' dir='ltr'>inviti</span> 
     </span>
     <span class='ocr_line' id='line_1_50' title="bbox 257 1432 995 1473; baseline -0.004 -10"><span class='ocrx_word' id='word_1_360' title='bbox 257 1434 382 1473; x_wconf 76' lang='lat' dir='ltr'>cogitant,</span> <span class='ocrx_word' id='word_1_361' title='bbox 397 1434 541 1472; x_wconf 76' lang='lat' dir='ltr'>quamdam</span> <span class='ocrx_word' id='word_1_362' title='bbox 555 1432 675 1461; x_wconf 85' lang='lat' dir='ltr'>divinam</span> <span class='ocrx_word' id='word_1_363' title='bbox 689 1432 816 1461; x_wconf 79' lang='lat' dir='ltr'>virtutem</span> <span class='ocrx_word' id='word_1_364' title='bbox 830 1432 887 1461; x_wconf 72' lang='lat' dir='ltr'>hzec</span> <span class='ocrx_word' id='word_1_365' title='bbox 899 1443 995 1471; x_wconf 79' lang='lat' dir='ltr'>opera-</span> 
     </span>
     <span class='ocr_line' id='line_1_51' title="bbox 258 1479 996 1519; baseline -0.003 -10"><span class='ocrx_word' id='word_1_366' title='bbox 258 1481 299 1509; x_wconf 93' lang='lat' dir='ltr'>ri:</span> <span class='ocrx_word' id='word_1_367' title='bbox 312 1491 393 1519; x_wconf 86' lang='lat' dir='ltr'>quare</span> <span class='ocrx_word' id='word_1_368' title='bbox 408 1480 444 1508; x_wconf 89' lang='lat' dir='ltr'>ait</span> <span class='ocrx_word' id='word_1_369' title='bbox 458 1492 465 1507; x_wconf 89' lang='lat'><strong>:</strong></span> <span class='ocrx_word' id='word_1_370' title='bbox 481 1481 519 1508; x_wconf 78' lang='lat' dir='ltr'>Et</span> <span class='ocrx_word' id='word_1_371' title='bbox 530 1479 694 1518; x_wconf 79' lang='lat' dir='ltr'>glorificent</span> <span class='ocrx_word' id='word_1_372' title='bbox 719 1479 839 1506; x_wconf 85' lang='lat' dir='ltr'>Patrem</span> <span class='ocrx_word' id='word_1_373' title='bbox 865 1485 996 1507; x_wconf 83' lang='lat' dir='ltr'>vestrum</span> 
     </span>
     <span class='ocr_line' id='line_1_52' title="bbox 257 1524 995 1566; baseline -0.001 -11"><span class='ocrx_word' id='word_1_374' title='bbox 257 1529 308 1566; x_wconf 83' lang='lat' dir='ltr'>qui</span> <span class='ocrx_word' id='word_1_375' title='bbox 321 1530 352 1555; x_wconf 89' lang='lat' dir='ltr'>in</span> <span class='ocrx_word' id='word_1_376' title='bbox 367 1527 445 1555; x_wconf 79' lang='lat' dir='ltr'>caelis</span> <span class='ocrx_word' id='word_1_377' title='bbox 459 1533 510 1555; x_wconf 83' lang='lat' dir='ltr'>est.</span> <span class='ocrx_word' id='word_1_378' title='bbox 523 1526 572 1556; x_wconf 86' lang='lat' dir='ltr'>Vis</span> <span class='ocrx_word' id='word_1_379' title='bbox 588 1532 613 1553; x_wconf 91' lang='lat' dir='ltr'>et</span> <span class='ocrx_word' id='word_1_380' title='bbox 630 1524 738 1553; x_wconf 79' lang='lat' dir='ltr'>aliunde</span> <span class='ocrx_word' id='word_1_381' title='bbox 758 1524 868 1560; x_wconf 80' lang='lat' dir='ltr'>discere,</span> <span class='ocrx_word' id='word_1_382' title='bbox 883 1536 995 1563; x_wconf 89' lang='lat' dir='ltr'>quomo-</span> 
     </span>
     <span class='ocr_line' id='line_1_53' title="bbox 257 1569 992 1608; baseline -0.005 -6"><span class='ocrx_word' id='word_1_383' title='bbox 257 1573 293 1602; x_wconf 89' lang='lat' dir='ltr'>do</span> <span class='ocrx_word' id='word_1_384' title='bbox 311 1584 326 1601; x_wconf 88' lang='lat' dir='ltr'>a</span> <span class='ocrx_word' id='word_1_385' title='bbox 341 1583 479 1601; x_wconf 83' lang='lat' dir='ltr'>servorum</span> <span class='ocrx_word' id='word_1_386' title='bbox 501 1581 610 1600; x_wconf 86' lang='lat' dir='ltr'>suorum</span> <span class='ocrx_word' id='word_1_387' title='bbox 635 1570 691 1599; x_wconf 77' lang='lat' dir='ltr'>vita</span> <span class='ocrx_word' id='word_1_388' title='bbox 717 1569 881 1608; x_wconf 83' lang='lat' dir='ltr'>glorificetur</span> <span class='ocrx_word' id='word_1_389' title='bbox 908 1572 992 1605; x_wconf 86' lang='lat' dir='ltr'>Deus,</span> 
     </span>
     <span class='ocr_line' id='line_1_54' title="bbox 259 1617 996 1659; baseline -0.005 -10"><span class='ocrx_word' id='word_1_390' title='bbox 259 1620 392 1659; x_wconf 88' lang='lat' dir='ltr'>quomodo</span> <span class='ocrx_word' id='word_1_391' title='bbox 413 1619 493 1648; x_wconf 88' lang='lat' dir='ltr'>etiam</span> <span class='ocrx_word' id='word_1_392' title='bbox 508 1630 523 1647; x_wconf 92' lang='lat' dir='ltr'>a</span> <span class='ocrx_word' id='word_1_393' title='bbox 539 1617 696 1647; x_wconf 73' lang='lat' dir='ltr'>miraculis?</span> <span class='ocrx_word' id='word_1_394' title='bbox 718 1617 834 1646; x_wconf 76' lang='lat' dir='ltr'>Immisit</span> <span class='ocrx_word' id='word_1_395' title='bbox 851 1618 996 1656; x_wconf 85' lang='lat' dir='ltr'>aliquando</span> 
     </span>
     <span class='ocr_line' id='line_1_55' title="bbox 258 1663 997 1704; baseline -0.007 -8"><span class='ocrx_word' id='word_1_396' title='bbox 258 1666 504 1696; x_wconf 79' lang='lat' dir='ltr'>Nabuchodonosor</span> <span class='ocrx_word' id='word_1_397' title='bbox 514 1672 567 1694; x_wconf 86' lang='lat' dir='ltr'>tres</span> <span class='ocrx_word' id='word_1_398' title='bbox 580 1675 676 1704; x_wconf 87' lang='lat' dir='ltr'>pueros</span> <span class='ocrx_word' id='word_1_399' title='bbox 692 1664 719 1692; x_wconf 92' lang='lat' dir='ltr'>in</span> <span class='ocrx_word' id='word_1_400' title='bbox 735 1664 877 1692; x_wconf 79' lang='lat' dir='ltr'>fornacem.</span> <span class='ocrx_word' id='word_1_401' title='bbox 892 1663 997 1692; x_wconf 82' lang='lat' dir='ltr'>Deinde</span> 
     </span>
     <span class='ocr_line' id='line_1_56' title="bbox 259 1709 994 1751; baseline -0.004 -10"><span class='ocrx_word' id='word_1_402' title='bbox 259 1713 321 1751; x_wconf 88' lang='lat' dir='ltr'>quia</span> <span class='ocrx_word' id='word_1_403' title='bbox 341 1712 410 1742; x_wconf 89' lang='lat' dir='ltr'>vidit</span> <span class='ocrx_word' id='word_1_404' title='bbox 426 1712 515 1751; x_wconf 78' lang='lat' dir='ltr'>ignem</span> <span class='ocrx_word' id='word_1_405' title='bbox 528 1722 580 1739; x_wconf 91' lang='lat' dir='ltr'>non</span> <span class='ocrx_word' id='word_1_406' title='bbox 604 1710 665 1739; x_wconf 87' lang='lat' dir='ltr'>illos</span> <span class='ocrx_word' id='word_1_407' title='bbox 685 1720 820 1748; x_wconf 85' lang='lat' dir='ltr'>superare,</span> <span class='ocrx_word' id='word_1_408' title='bbox 831 1709 870 1738; x_wconf 75' lang='lat' dir='ltr'>ait</span> <span class='ocrx_word' id='word_1_409' title='bbox 882 1721 888 1736; x_wconf 70' lang='grc' dir='ltr'><strong>ε</strong></span> <span class='ocrx_word' id='word_1_410' title='bbox 902 1711 994 1738; x_wconf 81' lang='lat' dir='ltr'>Bene·</span> 
     </span>
     <span class='ocr_line' id='line_1_57' title="bbox 258 1757 996 1798; baseline -0.008 -9"><span class='ocrx_word' id='word_1_411' title='bbox 258 1762 352 1789; x_wconf 81' lang='lat' dir='ltr'>dictus</span> <span class='ocrx_word' id='word_1_412' title='bbox 364 1761 454 1796; x_wconf 81' lang='lat' dir='ltr'>Deus,</span> <span class='ocrx_word' id='word_1_413' title='bbox 474 1760 524 1798; x_wconf 81' lang='lat' dir='ltr'>qui</span> <span class='ocrx_word' id='word_1_414' title='bbox 540 1759 618 1786; x_wconf 77' lang='lat' dir='ltr'>misit</span> <span class='ocrx_word' id='word_1_415' title='bbox 632 1757 770 1796; x_wconf 77' lang='lat' dir='ltr'>angelum</span> <span class='ocrx_word' id='word_1_416' title='bbox 785 1766 877 1790; x_wconf 80' lang='lat' dir='ltr'>suum,</span> <span class='ocrx_word' id='word_1_417' title='bbox 891 1762 919 1784; x_wconf 84' lang='lat' dir='ltr'>et</span> <span class='ocrx_word' id='word_1_418' title='bbox 941 1759 996 1784; x_wconf 79' lang='lat' dir='ltr'>eri-</span> 
     </span>
     <span class='ocr_line' id='line_1_58' title="bbox 259 1802 996 1845; baseline -0.008 -10"><span class='ocrx_word' id='word_1_419' title='bbox 259 1809 323 1845; x_wconf 84' lang='lat' dir='ltr'>puit</span> <span class='ocrx_word' id='word_1_420' title='bbox 331 1816 434 1845; x_wconf 85' lang='lat' dir='ltr'>pueros</span> <span class='ocrx_word' id='word_1_421' title='bbox 449 1815 514 1834; x_wconf 84' lang='lat' dir='ltr'>suos</span> <span class='ocrx_word' id='word_1_422' title='bbox 524 1815 540 1832; x_wconf 82' lang='lat' dir='ltr'>a</span> <span class='ocrx_word' id='word_1_423' title='bbox 555 1804 670 1838; x_wconf 84' lang='lat' dir='ltr'>fornace,</span> <span class='ocrx_word' id='word_1_424' title='bbox 688 1805 758 1841; x_wconf 79' lang='lat' dir='ltr'>quia</span> <span class='ocrx_word' id='word_1_425' title='bbox 771 1802 953 1840; x_wconf 80' lang='lat' dir='ltr'>confiderunt</span> <span class='ocrx_word' id='word_1_426' title='bbox 964 1805 996 1830; x_wconf 80' lang='lat' dir='ltr'>in</span> 
     </span>
     <span class='ocr_line' id='line_1_59' title="bbox 259 1846 995 1888; baseline -0.007 -8"><span class='ocrx_word' id='word_1_427' title='bbox 259 1862 325 1880; x_wconf 84' lang='lat' dir='ltr'>eum</span> <span class='ocrx_word' id='word_1_428' title='bbox 336 1863 342 1878; x_wconf 89' lang='lat'><strong>:</strong></span> <span class='ocrx_word' id='word_1_429' title='bbox 354 1858 380 1879; x_wconf 82' lang='lat' dir='ltr'>et</span> <span class='ocrx_word' id='word_1_430' title='bbox 393 1852 515 1879; x_wconf 81' lang='lat' dir='ltr'>verbum</span> <span class='ocrx_word' id='word_1_431' title='bbox 529 1851 603 1888; x_wconf 80' lang='lat' dir='ltr'>regis</span> <span class='ocrx_word' id='word_1_432' title='bbox 618 1854 811 1877; x_wconf 72' lang='lat' dir='ltr'>mutaverunt.</span> <span class='ocrx_word' id='word_1_433' title='bbox 821 1846 897 1883; x_wconf 89' lang='lat' dir='ltr'>Quid</span> <span class='ocrx_word' id='word_1_434' title='bbox 909 1846 995 1876; x_wconf 80' lang='lat' dir='ltr'>dicis?</span> 
     </span>
     <span class='ocr_line' id='line_1_60' title="bbox 259 1893 994 1933; baseline -0.008 -7"><span class='ocrx_word' id='word_1_435' title='bbox 259 1904 407 1926; x_wconf 75' lang='lat' dir='ltr'>contemtus</span> <span class='ocrx_word' id='word_1_436' title='bbox 429 1896 514 1933; x_wconf 81' lang='lat' dir='ltr'>fuisti,</span> <span class='ocrx_word' id='word_1_437' title='bbox 530 1902 555 1924; x_wconf 89' lang='lat' dir='ltr'>et</span> <span class='ocrx_word' id='word_1_438' title='bbox 570 1895 674 1923; x_wconf 84' lang='lat' dir='ltr'>miraris</span> <span class='ocrx_word' id='word_1_439' title='bbox 695 1905 738 1923; x_wconf 86' lang='lat' dir='ltr'>eos</span> <span class='ocrx_word' id='word_1_440' title='bbox 753 1893 800 1932; x_wconf 88' lang='lat' dir='ltr'>qui</span> <span class='ocrx_word' id='word_1_441' title='bbox 815 1894 994 1932; x_wconf 73' lang='lat' dir='ltr'>respuerunt?</span> 
     </span>
     <span class='ocr_line' id='line_1_61' title="bbox 259 1940 994 1982; baseline -0.005 -10"><span class='ocrx_word' id='word_1_442' title='bbox 259 1945 358 1979; x_wconf 87' lang='lat' dir='ltr'>Etiam,</span> <span class='ocrx_word' id='word_1_443' title='bbox 371 1943 467 1982; x_wconf 86' lang='lat' dir='ltr'>inquit,</span> <span class='ocrx_word' id='word_1_444' title='bbox 480 1950 506 1971; x_wconf 90' lang='lat' dir='ltr'>et</span> <span class='ocrx_word' id='word_1_445' title='bbox 518 1950 626 1982; x_wconf 81' lang='lat' dir='ltr'>propter</span> <span class='ocrx_word' id='word_1_446' title='bbox 636 1942 688 1970; x_wconf 90' lang='lat' dir='ltr'>hoc</span> <span class='ocrx_word' id='word_1_447' title='bbox 701 1941 788 1981; x_wconf 88' lang='lat' dir='ltr'>ipsum</span> <span class='ocrx_word' id='word_1_448' title='bbox 797 1940 869 1979; x_wconf 87' lang='lat' dir='ltr'>quod</span> <span class='ocrx_word' id='word_1_449' title='bbox 879 1948 994 1969; x_wconf 83' lang='lat' dir='ltr'>contem-</span> 
     </span>
     <span class='ocr_line' id='line_1_62' title="bbox 259 1986 995 2025; baseline -0.004 -6"><span class='ocrx_word' id='word_1_450' title='bbox 259 1990 299 2019; x_wconf 92' lang='lat' dir='ltr'>tui</span> <span class='ocrx_word' id='word_1_451' title='bbox 326 1989 433 2018; x_wconf 82' lang='lat' dir='ltr'>habitus</span> <span class='ocrx_word' id='word_1_452' title='bbox 458 1989 529 2025; x_wconf 89' lang='lat' dir='ltr'>sim;</span> <span class='ocrx_word' id='word_1_453' title='bbox 546 1996 570 2017; x_wconf 86' lang='lat' dir='ltr'>et</span> <span class='ocrx_word' id='word_1_454' title='bbox 591 1987 716 2017; x_wconf 82' lang='lat' dir='ltr'>miraculi</span> <span class='ocrx_word' id='word_1_455' title='bbox 731 1987 800 2016; x_wconf 85' lang='lat' dir='ltr'>hanc</span> <span class='ocrx_word' id='word_1_456' title='bbox 824 1986 916 2015; x_wconf 78' lang='lat' dir='ltr'>statuit</span> <span class='ocrx_word' id='word_1_457' title='bbox 939 1997 995 2016; x_wconf 86' lang='lat' dir='ltr'>esse</span> 
     </span>
     <span class='ocr_line' id='line_1_63' title="bbox 259 2034 995 2074; baseline -0.005 -9"><span class='ocrx_word' id='word_1_458' title='bbox 259 2046 376 2065; x_wconf 85' lang='lat' dir='ltr'>causam.</span> <span class='ocrx_word' id='word_1_459' title='bbox 391 2036 484 2073; x_wconf 77' lang='lat' dir='ltr'>ltaque</span> <span class='ocrx_word' id='word_1_460' title='bbox 497 2046 549 2063; x_wconf 90' lang='lat' dir='ltr'>non</span> <span class='ocrx_word' id='word_1_461' title='bbox 567 2042 674 2074; x_wconf 86' lang='lat' dir='ltr'>propter</span> <span class='ocrx_word' id='word_1_462' title='bbox 691 2034 798 2073; x_wconf 82' lang='lat' dir='ltr'>signum</span> <span class='ocrx_word' id='word_1_463' title='bbox 812 2040 917 2062; x_wconf 83' lang='lat' dir='ltr'>tantum</span> <span class='ocrx_word' id='word_1_464' title='bbox 931 2040 995 2062; x_wconf 87' lang='lat' dir='ltr'>tunc</span> 
     </span>
     <span class='ocr_line' id='line_1_64' title="bbox 259 2079 995 2122; baseline -0.005 -11"><span class='ocrx_word' id='word_1_465' title='bbox 259 2082 345 2122; x_wconf 83' lang='lat' dir='ltr'>gloria</span> <span class='ocrx_word' id='word_1_466' title='bbox 362 2083 419 2110; x_wconf 88' lang='lat' dir='ltr'>Deo</span> <span class='ocrx_word' id='word_1_467' title='bbox 434 2082 501 2117; x_wconf 85' lang='lat' dir='ltr'>fuit,</span> <span class='ocrx_word' id='word_1_468' title='bbox 517 2081 565 2110; x_wconf 87' lang='lat' dir='ltr'>sed</span> <span class='ocrx_word' id='word_1_469' title='bbox 589 2087 697 2120; x_wconf 81' lang='lat' dir='ltr'>propter</span> <span class='ocrx_word' id='word_1_470' title='bbox 718 2079 886 2119; x_wconf 87' lang='lat' dir='ltr'>propositum</span> <span class='ocrx_word' id='word_1_471' title='bbox 901 2090 995 2108; x_wconf 88' lang='lat' dir='ltr'>eorum</span> 
     </span>
     <span class='ocr_line' id='line_1_65' title="bbox 259 2125 996 2167; baseline -0.004 -10"><span class='ocrx_word' id='word_1_472' title='bbox 259 2129 305 2167; x_wconf 79' lang='lat' dir='ltr'>qui</span> <span class='ocrx_word' id='word_1_473' title='bbox 319 2128 366 2156; x_wconf 85' lang='lat' dir='ltr'>illo</span> <span class='ocrx_word' id='word_1_474' title='bbox 380 2127 470 2167; x_wconf 87' lang='lat' dir='ltr'>injecti</span> <span class='ocrx_word' id='word_1_475' title='bbox 480 2134 552 2156; x_wconf 84' lang='lat' dir='ltr'>sunt.</span> <span class='ocrx_word' id='word_1_476' title='bbox 568 2127 650 2163; x_wconf 91' lang='lat' dir='ltr'>Quod</span> <span class='ocrx_word' id='word_1_477' title='bbox 662 2126 684 2155; x_wconf 89' lang='lat' dir='ltr'>si</span> <span class='ocrx_word' id='word_1_478' title='bbox 696 2126 756 2164; x_wconf 86' lang='lat' dir='ltr'>quis</span> <span class='ocrx_word' id='word_1_479' title='bbox 767 2126 817 2154; x_wconf 88' lang='lat' dir='ltr'>hoc</span> <span class='ocrx_word' id='word_1_480' title='bbox 830 2132 855 2154; x_wconf 89' lang='lat' dir='ltr'>et</span> <span class='ocrx_word' id='word_1_481' title='bbox 869 2125 939 2154; x_wconf 89' lang='lat' dir='ltr'>illud</span> <span class='ocrx_word' id='word_1_482' title='bbox 949 2136 996 2165; x_wconf 87' lang='lat' dir='ltr'>per</span> 
     </span>
     <span class='ocr_line' id='line_1_66' title="bbox 259 2173 996 2211; baseline -0.005 -7"><span class='ocrx_word' id='word_1_483' title='bbox 259 2186 287 2204; x_wconf 89' lang='lat' dir='ltr'>se</span> <span class='ocrx_word' id='word_1_484' title='bbox 307 2175 450 2211; x_wconf 79' lang='lat' dir='ltr'>examinet,</span> <span class='ocrx_word' id='word_1_485' title='bbox 468 2184 519 2202; x_wconf 88' lang='lat' dir='ltr'>non</span> <span class='ocrx_word' id='word_1_486' title='bbox 540 2173 590 2201; x_wconf 89' lang='grc' dir='ltr'>11οο</span> <span class='ocrx_word' id='word_1_487' title='bbox 611 2173 659 2201; x_wconf 89' lang='grc'>1110</span> <span class='ocrx_word' id='word_1_488' title='bbox 685 2173 773 2201; x_wconf 88' lang='lat' dir='ltr'>minus</span> <span class='ocrx_word' id='word_1_489' title='bbox 793 2179 844 2201; x_wconf 87' lang='lat' dir='ltr'>est.</span> <span class='ocrx_word' id='word_1_490' title='bbox 858 2174 879 2200; x_wconf 72' lang='lat' dir='ltr'>A</span> <span class='ocrx_word' id='word_1_491' title='bbox 891 2173 996 2201; x_wconf 85' lang='lat' dir='ltr'>fornace</span> 
     </span>
     <span class='ocr_line' id='line_1_67' title="bbox 259 2217 995 2258; baseline -0.004 -9"><span class='ocrx_word' id='word_1_492' title='bbox 259 2221 330 2250; x_wconf 90' lang='lat' dir='ltr'>enim</span> <span class='ocrx_word' id='word_1_493' title='bbox 346 2220 479 2255; x_wconf 82' lang='lat' dir='ltr'>liberasse,</span> <span class='ocrx_word' id='word_1_494' title='bbox 495 2229 548 2247; x_wconf 90' lang='grc'>1100</span> <span class='ocrx_word' id='word_1_495' title='bbox 561 2226 600 2247; x_wconf 82' lang='lat' dir='ltr'>est</span> <span class='ocrx_word' id='word_1_496' title='bbox 614 2219 700 2258; x_wconf 78' lang='lat' dir='ltr'>majus</span> <span class='ocrx_word' id='word_1_497' title='bbox 712 2217 746 2246; x_wconf 87' lang='lat' dir='ltr'>ad</span> <span class='ocrx_word' id='word_1_498' title='bbox 767 2218 897 2246; x_wconf 86' lang='lat' dir='ltr'>rationem</span> <span class='ocrx_word' id='word_1_499' title='bbox 909 2218 995 2246; x_wconf 83' lang='lat' dir='ltr'>mira-</span> 
     </span>
     <span class='ocr_line' id='line_1_68' title="bbox 259 2263 996 2305; baseline -0.004 -10"><span class='ocrx_word' id='word_1_500' title='bbox 259 2266 324 2304; x_wconf 84' lang='lat' dir='ltr'>culi,</span> <span class='ocrx_word' id='word_1_501' title='bbox 339 2277 420 2305; x_wconf 79' lang='lat' dir='ltr'>quam</span> <span class='ocrx_word' id='word_1_502' title='bbox 437 2265 533 2294; x_wconf 84' lang='lat' dir='ltr'>animis</span> <span class='ocrx_word' id='word_1_503' title='bbox 558 2264 717 2304; x_wconf 83' lang='lat' dir='ltr'>persuasisse</span> <span class='ocrx_word' id='word_1_504' title='bbox 741 2270 771 2292; x_wconf 89' lang='lat' dir='ltr'>ut</span> <span class='ocrx_word' id='word_1_505' title='bbox 793 2263 996 2302; x_wconf 80' lang='lat' dir='ltr'>ingrederentur</span> 
     </span>
     <span class='ocr_line' id='line_1_69' title="bbox 260 2309 995 2349; baseline -0.004 -7"><span class='ocrx_word' id='word_1_506' title='bbox 260 2313 288 2342; x_wconf 87' lang='lat' dir='ltr'>in</span> <span class='ocrx_word' id='word_1_507' title='bbox 299 2313 445 2342; x_wconf 84' lang='lat' dir='ltr'>fornacem.</span> <span class='ocrx_word' id='word_1_508' title='bbox 453 2311 594 2348; x_wconf 84' lang='lat' dir='ltr'>Quomodo</span> <span class='ocrx_word' id='word_1_509' title='bbox 607 2311 678 2339; x_wconf 87' lang='lat' dir='ltr'>enim</span> <span class='ocrx_word' id='word_1_510' title='bbox 693 2321 747 2340; x_wconf 89' lang='lat' dir='ltr'>non</span> <span class='ocrx_word' id='word_1_511' title='bbox 760 2309 873 2348; x_wconf 82' lang='lat' dir='ltr'>dignum</span> <span class='ocrx_word' id='word_1_512' title='bbox 888 2317 995 2349; x_wconf 87' lang='lat' dir='ltr'>stupore</span> 
     </span>
     <span class='ocr_line' id='line_1_70' title="bbox 259 2355 995 2394; baseline -0.005 -7"><span class='ocrx_word' id='word_1_513' title='bbox 259 2359 349 2394; x_wconf 82' lang='lat' dir='ltr'>suerit,</span> <span class='ocrx_word' id='word_1_514' title='bbox 363 2369 424 2387; x_wconf 88' lang='lat' dir='ltr'>cum</span> <span class='ocrx_word' id='word_1_515' title='bbox 445 2368 494 2386; x_wconf 81' lang='lat' dir='ltr'>rex</span> <span class='ocrx_word' id='word_1_516' title='bbox 507 2357 591 2391; x_wconf 77' lang='lat' dir='ltr'>orbis,</span> <span class='ocrx_word' id='word_1_517' title='bbox 608 2363 662 2385; x_wconf 84' lang='lat' dir='ltr'>tam</span> <span class='ocrx_word' id='word_1_518' title='bbox 677 2355 769 2384; x_wconf 79' lang='lat' dir='ltr'>multis</span> <span class='ocrx_word' id='word_1_519' title='bbox 783 2355 865 2383; x_wconf 85' lang='lat' dir='ltr'>armis</span> <span class='ocrx_word' id='word_1_520' title='bbox 881 2355 995 2384; x_wconf 87' lang='lat' dir='ltr'>circum-</span> 
     </span>
     <span class='ocr_line' id='line_1_71' title="bbox 259 2401 995 2444; baseline -0.007 -11"><span class='ocrx_word' id='word_1_521' title='bbox 259 2412 358 2444; x_wconf 83' lang='lat' dir='ltr'>septus,</span> <span class='ocrx_word' id='word_1_522' title='bbox 374 2404 506 2433; x_wconf 72' lang='lat' dir='ltr'>exercitus</span> <span class='ocrx_word' id='word_1_523' title='bbox 519 2403 629 2439; x_wconf 77' lang='lat' dir='ltr'>habens,</span> <span class='ocrx_word' id='word_1_524' title='bbox 642 2401 732 2437; x_wconf 85' lang='lat' dir='ltr'>duces,</span> <span class='ocrx_word' id='word_1_525' title='bbox 744 2401 883 2440; x_wconf 83' lang='lat' dir='ltr'>toparchas</span> <span class='ocrx_word' id='word_1_526' title='bbox 894 2408 918 2429; x_wconf 83' lang='lat' dir='ltr'>et</span> <span class='ocrx_word' id='word_1_527' title='bbox 933 2412 995 2429; x_wconf 84' lang='lat' dir='ltr'>con-</span> 
     </span>
     <span class='ocr_line' id='line_1_72' title="bbox 260 2449 994 2489; baseline -0.007 -8"><span class='ocrx_word' id='word_1_528' title='bbox 260 2453 342 2488; x_wconf 90' lang='lat' dir='ltr'>sules,</span> <span class='ocrx_word' id='word_1_529' title='bbox 357 2458 431 2480; x_wconf 86' lang='lat' dir='ltr'>terrae</span> <span class='ocrx_word' id='word_1_530' title='bbox 446 2458 471 2481; x_wconf 90' lang='lat' dir='ltr'>et</span> <span class='ocrx_word' id='word_1_531' title='bbox 490 2450 558 2479; x_wconf 82' lang='lat' dir='ltr'>mari</span> <span class='ocrx_word' id='word_1_532' title='bbox 576 2450 720 2489; x_wconf 87' lang='lat' dir='ltr'>imperans,</span> <span class='ocrx_word' id='word_1_533' title='bbox 735 2460 750 2477; x_wconf 91' lang='lat' dir='ltr'>a</span> <span class='ocrx_word' id='word_1_534' title='bbox 769 2449 858 2488; x_wconf 86' lang='lat' dir='ltr'>pueris</span> <span class='ocrx_word' id='word_1_535' title='bbox 880 2449 994 2487; x_wconf 83' lang='lat' dir='ltr'>captivis</span> 
     </span>
     <span class='ocr_line' id='line_1_73' title="bbox 259 2496 995 2537; baseline -0.005 -11"><span class='ocrx_word' id='word_1_536' title='bbox 259 2498 416 2537; x_wconf 87' lang='lat' dir='ltr'>despicitur,</span> <span class='ocrx_word' id='word_1_537' title='bbox 433 2505 459 2526; x_wconf 86' lang='lat' dir='ltr'>et</span> <span class='ocrx_word' id='word_1_538' title='bbox 474 2496 722 2527; x_wconf 86' lang='lat' dir='ltr'>vinctivincientem</span> <span class='ocrx_word' id='word_1_539' title='bbox 737 2501 862 2534; x_wconf 79' lang='lat' dir='ltr'>superant</span> <span class='ocrx_word' id='word_1_540' title='bbox 874 2502 899 2523; x_wconf 89' lang='lat' dir='ltr'>et</span> <span class='ocrx_word' id='word_1_541' title='bbox 910 2501 995 2523; x_wconf 81' lang='lat' dir='ltr'>totum</span> 
     </span>
     <span class='ocr_line' id='line_1_74' title="bbox 260 2542 995 2582; baseline -0.003 -12"><span class='ocrx_word' id='word_1_542' title='bbox 260 2543 344 2582; x_wconf 79' lang='lat' dir='ltr'>ipsius</span> <span class='ocrx_word' id='word_1_543' title='bbox 365 2544 475 2572; x_wconf 90' lang='lat' dir='ltr'>vincunt</span> <span class='ocrx_word' id='word_1_544' title='bbox 498 2542 736 2572; x_wconf 75' lang='lat' dir='ltr'>exercitum?Non</span> <span class='ocrx_word' id='word_1_545' title='bbox 756 2542 828 2569; x_wconf 89' lang='lat' dir='ltr'>enim</span> <span class='ocrx_word' id='word_1_546' title='bbox 851 2547 995 2580; x_wconf 83' lang='lat' dir='ltr'>potuerunt</span> 
     </span>
     <span class='ocr_line' id='line_1_75' title="bbox 261 2586 995 2627; baseline -0.003 -11"><span class='ocrx_word' id='word_1_547' title='bbox 261 2589 299 2621; x_wconf 83' lang='lat' dir='ltr'>id,</span> <span class='ocrx_word' id='word_1_548' title='bbox 315 2589 388 2626; x_wconf 76' lang='lat' dir='ltr'>quod</span> <span class='ocrx_word' id='word_1_549' title='bbox 413 2589 567 2627; x_wconf 76' lang='lat' dir='ltr'>volucrunt,</span> <span class='ocrx_word' id='word_1_550' title='bbox 581 2599 629 2618; x_wconf 76' lang='lat' dir='ltr'>rex</span> <span class='ocrx_word' id='word_1_551' title='bbox 645 2595 669 2616; x_wconf 85' lang='lat' dir='ltr'>ct</span> <span class='ocrx_word' id='word_1_552' title='bbox 686 2587 793 2617; x_wconf 86' lang='lat' dir='ltr'>clientes</span> <span class='ocrx_word' id='word_1_553' title='bbox 821 2588 886 2626; x_wconf 76' lang='lat' dir='ltr'>ejus,</span> <span class='ocrx_word' id='word_1_554' title='bbox 901 2586 947 2624; x_wconf 81' lang='lat' dir='ltr'>qui</span> <span class='ocrx_word' id='word_1_555' title='bbox 971 2593 995 2614; x_wconf 83' lang='lat' dir='ltr'>ct</span> 
     </span>
    </p>
   </div>
   <div class='ocr_carea' id='block_1_11' title="bbox 1051 1158 1817 1658">
    <p class='ocr_par' dir='ltr' id='par_1_11' title="bbox 1051 1158 1817 1658">
     <span class='ocr_line' id='line_1_76' title="bbox 1052 1158 1816 1198; baseline 0.003 -12"><span class='ocrx_word' id='word_1_556' title='bbox 1052 1158 1147 1190; x_wconf 76' lang='grc' dir='ltr'>ἰδόντες</span> <span class='ocrx_word' id='word_1_557' title='bbox 1171 1158 1239 1195; x_wconf 76' lang='grc' dir='ltr'>μετὰ</span> <span class='ocrx_word' id='word_1_558' title='bbox 1259 1158 1392 1197; x_wconf 63' lang='grc' dir='ltr'>ἀκριὸείας</span> <span class='ocrx_word' id='word_1_559' title='bbox 1415 1159 1568 1198; x_wconf 65' lang='grc' dir='ltr'>φιλοσοφίαν</span> <span class='ocrx_word' id='word_1_560' title='bbox 1591 1159 1816 1198; x_wconf 79' lang='grc' dir='ltr'>ἐπιδεικνύμενον,</span> 
     </span>
     <span class='ocr_line' id='line_1_77' title="bbox 1052 1203 1816 1243; baseline 0.003 -11"><span class='ocrx_word' id='word_1_561' title='bbox 1052 1203 1226 1233; x_wconf 73' lang='grc' dir='ltr'>καταδύονται</span> <span class='ocrx_word' id='word_1_562' title='bbox 1259 1203 1304 1232; x_wconf 75' lang='grc' dir='ltr'>καὶ</span> <span class='ocrx_word' id='word_1_563' title='bbox 1331 1206 1431 1233; x_wconf 79' lang='grc' dir='ltr'>ἑαυτῶν</span> <span class='ocrx_word' id='word_1_564' title='bbox 1455 1204 1705 1243; x_wconf 85' lang='grc' dir='ltr'>καταγινώσκουσιν.</span> <span class='ocrx_word' id='word_1_565' title='bbox 1731 1205 1816 1234; x_wconf 87' lang='grc' dir='ltr'>Ὅταν</span> 
     </span>
     <span class='ocr_line' id='line_1_78' title="bbox 1051 1250 1815 1291; baseline 0.001 -13"><span class='ocrx_word' id='word_1_566' title='bbox 1051 1250 1103 1290; x_wconf 65' lang='grc' dir='ltr'>γὰρ</span> <span class='ocrx_word' id='word_1_567' title='bbox 1119 1253 1133 1279; x_wconf 79' lang='grc' dir='ltr'>ὁ</span> <span class='ocrx_word' id='word_1_568' title='bbox 1147 1252 1194 1285; x_wconf 67' lang='grc' dir='ltr'>τῆς</span> <span class='ocrx_word' id='word_1_569' title='bbox 1208 1253 1288 1286; x_wconf 67' lang='grc' dir='ltr'>αὐτῆς</span> <span class='ocrx_word' id='word_1_570' title='bbox 1313 1253 1399 1284; x_wconf 77' lang='grc' dir='ltr'>αὐτοῖς</span> <span class='ocrx_word' id='word_1_571' title='bbox 1422 1251 1523 1290; x_wconf 69' lang='grc' dir='ltr'>φύσεως</span> <span class='ocrx_word' id='word_1_572' title='bbox 1547 1251 1675 1291; x_wconf 78' lang='grc' dir='ltr'>μετέχων,</span> <span class='ocrx_word' id='word_1_573' title='bbox 1695 1255 1815 1281; x_wconf 77' lang='grc' dir='ltr'>τοσοῦτον</span> 
     </span>
     <span class='ocr_line' id='line_1_79' title="bbox 1053 1292 1816 1337; baseline 0.004 -13"><span class='ocrx_word' id='word_1_574' title='bbox 1053 1295 1180 1335; x_wconf 83' lang='grc' dir='ltr'>ἀνώτερος</span> <span class='ocrx_word' id='word_1_575' title='bbox 1191 1292 1208 1335; x_wconf 71' lang='grc' dir='ltr'>ᾗ</span> <span class='ocrx_word' id='word_1_576' title='bbox 1219 1298 1308 1335; x_wconf 80' lang='grc' dir='ltr'>πολλῷ</span> <span class='ocrx_word' id='word_1_577' title='bbox 1322 1298 1430 1334; x_wconf 77' lang='grc' dir='ltr'>μᾶλλον,</span> <span class='ocrx_word' id='word_1_578' title='bbox 1447 1296 1463 1331; x_wconf 85' lang='grc' dir='ltr'><strong>ἦ</strong></span> <span class='ocrx_word' id='word_1_579' title='bbox 1478 1297 1536 1326; x_wconf 78' lang='grc' dir='ltr'>ὅσον</span> <span class='ocrx_word' id='word_1_580' title='bbox 1552 1299 1566 1326; x_wconf 84' lang='grc' dir='ltr'>ὁ</span> <span class='ocrx_word' id='word_1_581' title='bbox 1579 1297 1684 1337; x_wconf 75' lang='grc' dir='ltr'>οὐρανὸς</span> <span class='ocrx_word' id='word_1_582' title='bbox 1697 1300 1744 1332; x_wconf 78' lang='grc' dir='ltr'>τῆς</span> <span class='ocrx_word' id='word_1_583' title='bbox 1753 1300 1816 1336; x_wconf 74' lang='grc' dir='ltr'>γῆς,</span> 
     </span>
     <span class='ocr_line' id='line_1_80' title="bbox 1051 1341 1817 1383; baseline 0.005 -14"><span class='ocrx_word' id='word_1_584' title='bbox 1051 1341 1096 1370; x_wconf 75' lang='grc' dir='ltr'>καὶ</span> <span class='ocrx_word' id='word_1_585' title='bbox 1109 1342 1213 1375; x_wconf 79' lang='grc' dir='ltr'>ἄκοντες</span> <span class='ocrx_word' id='word_1_586' title='bbox 1229 1344 1366 1378; x_wconf 73' lang='grc' dir='ltr'>ἐννοοῦσιν,</span> <span class='ocrx_word' id='word_1_587' title='bbox 1381 1343 1420 1371; x_wconf 84' lang='grc' dir='ltr'>ὅτι</span> <span class='ocrx_word' id='word_1_588' title='bbox 1436 1343 1492 1371; x_wconf 85' lang='grc' dir='ltr'>θεία</span> <span class='ocrx_word' id='word_1_589' title='bbox 1513 1342 1622 1381; x_wconf 72' lang='grc' dir='ltr'>δύναμις</span> <span class='ocrx_word' id='word_1_590' title='bbox 1639 1347 1721 1373; x_wconf 77' lang='grc' dir='ltr'>ταῦτα</span> <span class='ocrx_word' id='word_1_591' title='bbox 1736 1344 1817 1383; x_wconf 79' lang='grc' dir='ltr'>ἐργά-</span> 
     </span>
     <span class='ocr_line' id='line_1_81' title="bbox 1051 1388 1816 1428; baseline 0.003 -12"><span class='ocrx_word' id='word_1_592' title='bbox 1051 1389 1123 1420; x_wconf 85' lang='grc' dir='ltr'>ζεται</span> <span class='ocrx_word' id='word_1_593' title='bbox 1133 1400 1139 1405; x_wconf 91' lang='grc'><strong><em>·</em></strong></span> <span class='ocrx_word' id='word_1_594' title='bbox 1150 1389 1189 1416; x_wconf 76' lang='grc' dir='ltr'>διό</span> <span class='ocrx_word' id='word_1_595' title='bbox 1200 1400 1264 1427; x_wconf 68' lang='grc' dir='ltr'>φησι</span> <span class='ocrx_word' id='word_1_596' title='bbox 1273 1400 1278 1405; x_wconf 91' lang='grc'><em>·</em></span> <span class='ocrx_word' id='word_1_597' title='bbox 1290 1388 1343 1417; x_wconf 83' lang='grc' dir='ltr'>Καὶ</span> <span class='ocrx_word' id='word_1_598' title='bbox 1358 1388 1486 1421; x_wconf 68' lang='grc' dir='ltr'>δοξάσωσι</span> <span class='ocrx_word' id='word_1_599' title='bbox 1501 1389 1545 1417; x_wconf 74' lang='grc' dir='ltr'>τὸν</span> <span class='ocrx_word' id='word_1_600' title='bbox 1560 1389 1668 1428; x_wconf 83' lang='grc' dir='ltr'>Πατέρα</span> <span class='ocrx_word' id='word_1_601' title='bbox 1682 1391 1754 1428; x_wconf 80' lang='grc' dir='ltr'>ὑμῶν</span> <span class='ocrx_word' id='word_1_602' title='bbox 1772 1390 1816 1419; x_wconf 81' lang='grc' dir='ltr'>τὸν</span> 
     </span>
     <span class='ocr_line' id='line_1_82' title="bbox 1052 1433 1817 1474; baseline 0.003 -12"><span class='ocrx_word' id='word_1_603' title='bbox 1052 1435 1078 1462; x_wconf 79' lang='grc' dir='ltr'>ἐν</span> <span class='ocrx_word' id='word_1_604' title='bbox 1101 1438 1153 1466; x_wconf 87' lang='grc' dir='ltr'>τοῖς</span> <span class='ocrx_word' id='word_1_605' title='bbox 1175 1436 1299 1473; x_wconf 75' lang='grc' dir='ltr'>οὐρανοῖς.</span> <span class='ocrx_word' id='word_1_606' title='bbox 1319 1433 1412 1462; x_wconf 77' lang='grc' dir='ltr'>Βούλει</span> <span class='ocrx_word' id='word_1_607' title='bbox 1429 1437 1519 1472; x_wconf 84' lang='grc' dir='ltr'>μαθεῖν</span> <span class='ocrx_word' id='word_1_608' title='bbox 1536 1434 1581 1463; x_wconf 78' lang='grc' dir='ltr'>καὶ</span> <span class='ocrx_word' id='word_1_609' title='bbox 1606 1434 1739 1474; x_wconf 77' lang='grc' dir='ltr'>ἑτέρωθεν,</span> <span class='ocrx_word' id='word_1_610' title='bbox 1760 1438 1817 1468; x_wconf 82' lang='grc' dir='ltr'>πῶς</span> 
     </span>
     <span class='ocr_line' id='line_1_83' title="bbox 1053 1479 1817 1518; baseline 0.004 -10"><span class='ocrx_word' id='word_1_611' title='bbox 1053 1479 1100 1516; x_wconf 74' lang='grc' dir='ltr'>μὲν</span> <span class='ocrx_word' id='word_1_612' title='bbox 1112 1480 1165 1509; x_wconf 79' lang='grc' dir='ltr'>ἀπὸ</span> <span class='ocrx_word' id='word_1_613' title='bbox 1180 1482 1224 1508; x_wconf 80' lang='grc' dir='ltr'>τοῦ</span> <span class='ocrx_word' id='word_1_614' title='bbox 1241 1480 1296 1518; x_wconf 76' lang='grc' dir='ltr'>βίου</span> <span class='ocrx_word' id='word_1_615' title='bbox 1309 1482 1361 1508; x_wconf 80' lang='grc' dir='ltr'>τῶν</span> <span class='ocrx_word' id='word_1_616' title='bbox 1373 1479 1468 1508; x_wconf 71' lang='grc' dir='ltr'>δούλων</span> <span class='ocrx_word' id='word_1_617' title='bbox 1483 1483 1561 1509; x_wconf 76' lang='grc' dir='ltr'>αὐτοῦ</span> <span class='ocrx_word' id='word_1_618' title='bbox 1573 1479 1705 1514; x_wconf 76' lang='grc' dir='ltr'>δοξάζεται</span> <span class='ocrx_word' id='word_1_619' title='bbox 1715 1483 1729 1509; x_wconf 85' lang='grc' dir='ltr'>ὁ</span> <span class='ocrx_word' id='word_1_620' title='bbox 1739 1481 1817 1516; x_wconf 83' lang='grc' dir='ltr'>Θεός;</span> 
     </span>
     <span class='ocr_line' id='line_1_84' title="bbox 1052 1525 1816 1564; baseline 0.003 -10"><span class='ocrx_word' id='word_1_621' title='bbox 1052 1528 1108 1558; x_wconf 81' lang='grc' dir='ltr'>πῶς</span> <span class='ocrx_word' id='word_1_622' title='bbox 1120 1525 1147 1554; x_wconf 79' lang='grc' dir='ltr'>δὲ</span> <span class='ocrx_word' id='word_1_623' title='bbox 1161 1527 1212 1555; x_wconf 79' lang='grc' dir='ltr'>ἀπὸ</span> <span class='ocrx_word' id='word_1_624' title='bbox 1226 1528 1277 1554; x_wconf 81' lang='grc' dir='ltr'>τῶν</span> <span class='ocrx_word' id='word_1_625' title='bbox 1293 1525 1433 1564; x_wconf 71' lang='grc' dir='ltr'>θαυμάτων</span> <span class='ocrx_word' id='word_1_626' title='bbox 1441 1538 1449 1562; x_wconf 82' lang='grc'>;</span> <span class='ocrx_word' id='word_1_627' title='bbox 1468 1526 1596 1555; x_wconf 71' lang='grc' dir='ltr'>Ἔνέὲαλέ</span> <span class='ocrx_word' id='word_1_628' title='bbox 1609 1538 1673 1556; x_wconf 88' lang='grc' dir='ltr'>ποτε</span> <span class='ocrx_word' id='word_1_629' title='bbox 1684 1529 1698 1556; x_wconf 80' lang='grc' dir='ltr'>ὁ</span> <span class='ocrx_word' id='word_1_630' title='bbox 1712 1527 1816 1556; x_wconf 56' lang='lat' dir='ltr'>Nagou—</span> 
     </span>
     <span class='ocr_line' id='line_1_85' title="bbox 1051 1568 1815 1611; baseline 0.003 -12"><span class='ocrx_word' id='word_1_631' title='bbox 1051 1571 1190 1610; x_wconf 76' lang='grc' dir='ltr'>χοδονόσορ</span> <span class='ocrx_word' id='word_1_632' title='bbox 1213 1570 1272 1604; x_wconf 78' lang='grc' dir='ltr'>τοὺς</span> <span class='ocrx_word' id='word_1_633' title='bbox 1293 1575 1362 1611; x_wconf 87' lang='grc' dir='ltr'>τρεῖς</span> <span class='ocrx_word' id='word_1_634' title='bbox 1377 1572 1472 1604; x_wconf 76' lang='grc' dir='ltr'>παῖδας</span> <span class='ocrx_word' id='word_1_635' title='bbox 1491 1573 1527 1604; x_wconf 88' lang='grc' dir='ltr'>εἷς</span> <span class='ocrx_word' id='word_1_636' title='bbox 1542 1572 1590 1607; x_wconf 87' lang='grc' dir='ltr'>τὴν</span> <span class='ocrx_word' id='word_1_637' title='bbox 1606 1571 1725 1610; x_wconf 78' lang='grc' dir='ltr'>κάμινον.</span> <span class='ocrx_word' id='word_1_638' title='bbox 1746 1568 1815 1602; x_wconf 72' lang='grc' dir='ltr'>Εἶτα</span> 
     </span>
     <span class='ocr_line' id='line_1_86' title="bbox 1052 1613 1814 1658; baseline 0.003 -13"><span class='ocrx_word' id='word_1_639' title='bbox 1052 1616 1142 1651; x_wconf 75' lang='grc' dir='ltr'>ἐπειδὴ</span> <span class='ocrx_word' id='word_1_640' title='bbox 1159 1613 1209 1646; x_wconf 70' lang='grc' dir='ltr'>εἶδε</span> <span class='ocrx_word' id='word_1_641' title='bbox 1233 1618 1262 1646; x_wconf 83' lang='grc' dir='ltr'>τὸ</span> <span class='ocrx_word' id='word_1_642' title='bbox 1288 1620 1340 1656; x_wconf 74' lang='grc' dir='ltr'>πῦρ</span> <span class='ocrx_word' id='word_1_643' title='bbox 1353 1618 1382 1645; x_wconf 81' lang='grc' dir='ltr'>οὗ</span> <span class='ocrx_word' id='word_1_644' title='bbox 1397 1617 1595 1656; x_wconf 82' lang='grc' dir='ltr'>περιγενόμενον</span> <span class='ocrx_word' id='word_1_645' title='bbox 1611 1619 1706 1655; x_wconf 81' lang='grc' dir='ltr'>αὐτῶν,</span> <span class='ocrx_word' id='word_1_646' title='bbox 1720 1618 1814 1658; x_wconf 69' lang='grc' dir='ltr'>φησίν·</span> 
     </span>
    </p>
   </div>
   <div class='ocr_carea' id='block_1_12' title="bbox 1016 1662 1814 1702">
    <p class='ocr_par' dir='ltr' id='par_1_12' title="bbox 1016 1662 1814 1702">
     <span class='ocr_line' id='line_1_87' title="bbox 1016 1662 1814 1702; baseline 0.003 -10"><span class='ocrx_word' id='word_1_647' title='bbox 1016 1671 1034 1692; x_wconf 83' lang='grc' dir='ltr'><em>Β</em></span> <span class='ocrx_word' id='word_1_648' title='bbox 1052 1663 1199 1701; x_wconf 76' lang='grc' dir='ltr'>Εὐλογητὸς</span> <span class='ocrx_word' id='word_1_649' title='bbox 1213 1665 1227 1691; x_wconf 84' lang='grc' dir='ltr'>ὁ</span> <span class='ocrx_word' id='word_1_650' title='bbox 1241 1663 1322 1699; x_wconf 75' lang='grc' dir='ltr'>Θεὸς,</span> <span class='ocrx_word' id='word_1_651' title='bbox 1337 1662 1364 1695; x_wconf 71' lang='grc' dir='ltr'>ὃς</span> <span class='ocrx_word' id='word_1_652' title='bbox 1380 1663 1518 1692; x_wconf 79' lang='grc' dir='ltr'>ἀπέστειλε</span> <span class='ocrx_word' id='word_1_653' title='bbox 1534 1664 1577 1693; x_wconf 85' lang='grc' dir='ltr'>τὸν</span> <span class='ocrx_word' id='word_1_654' title='bbox 1591 1664 1700 1702; x_wconf 78' lang='grc' dir='ltr'>ἄγγελον</span> <span class='ocrx_word' id='word_1_655' title='bbox 1718 1666 1796 1693; x_wconf 78' lang='grc' dir='ltr'>αὗτοῦ</span> <span class='ocrx_word' id='word_1_656' title='bbox 1805 1687 1814 1700; x_wconf 87' lang='grc'>,</span> 
     </span>
    </p>
   </div>
   <div class='ocr_carea' id='block_1_13' title="bbox 1049 1708 1815 2162">
    <p class='ocr_par' dir='ltr' id='par_1_13' title="bbox 1049 1708 1815 2162">
     <span class='ocr_line' id='line_1_88' title="bbox 1052 1708 1814 1749; baseline 0.005 -13"><span class='ocrx_word' id='word_1_657' title='bbox 1052 1709 1096 1736; x_wconf 78' lang='grc' dir='ltr'>καὶ</span> <span class='ocrx_word' id='word_1_658' title='bbox 1111 1709 1220 1741; x_wconf 81' lang='grc' dir='ltr'>ἐξείλετο</span> <span class='ocrx_word' id='word_1_659' title='bbox 1242 1708 1300 1741; x_wconf 60' lang='grc' dir='ltr'>τοὺς</span> <span class='ocrx_word' id='word_1_660' title='bbox 1323 1709 1419 1742; x_wconf 78' lang='grc' dir='ltr'>παῖδας</span> <span class='ocrx_word' id='word_1_661' title='bbox 1433 1710 1511 1738; x_wconf 69' lang='grc' dir='ltr'>αὐτοῦ</span> <span class='ocrx_word' id='word_1_662' title='bbox 1524 1711 1553 1738; x_wconf 73' lang='grc' dir='ltr'>ἐκ</span> <span class='ocrx_word' id='word_1_663' title='bbox 1566 1711 1614 1745; x_wconf 65' lang='grc' dir='ltr'>ἰ-’ἥς</span> <span class='ocrx_word' id='word_1_664' title='bbox 1633 1711 1758 1749; x_wconf 83' lang='grc' dir='ltr'>καμίνου,</span> <span class='ocrx_word' id='word_1_665' title='bbox 1773 1711 1814 1740; x_wconf 82' lang='grc' dir='ltr'>ὅτι</span> 
     </span>
     <span class='ocr_line' id='line_1_89' title="bbox 1052 1754 1813 1796; baseline 0.003 -13"><span class='ocrx_word' id='word_1_666' title='bbox 1052 1754 1231 1783; x_wconf 78' lang='grc' dir='ltr'>ἐπεποίθεισαν</span> <span class='ocrx_word' id='word_1_667' title='bbox 1246 1756 1287 1783; x_wconf 79' lang='grc' dir='ltr'>ἐπ’</span> <span class='ocrx_word' id='word_1_668' title='bbox 1306 1754 1392 1790; x_wconf 65' lang='grc' dir='ltr'>αὐτὸν,</span> <span class='ocrx_word' id='word_1_669' title='bbox 1415 1755 1459 1784; x_wconf 77' lang='grc' dir='ltr'>καὶ</span> <span class='ocrx_word' id='word_1_670' title='bbox 1477 1755 1624 1790; x_wconf 82' lang='grc' dir='ltr'>ἡλλοίωσαν</span> <span class='ocrx_word' id='word_1_671' title='bbox 1634 1756 1665 1784; x_wconf 86' lang='grc' dir='ltr'>τὸ</span> <span class='ocrx_word' id='word_1_672' title='bbox 1677 1759 1750 1796; x_wconf 82' lang='grc' dir='ltr'>ῥ’ῆμα</span> <span class='ocrx_word' id='word_1_673' title='bbox 1767 1760 1813 1786; x_wconf 64' lang='grc' dir='ltr'>τοῦ</span> 
     </span>
     <span class='ocr_line' id='line_1_90' title="bbox 1053 1800 1813 1841; baseline 0.003 -12"><span class='ocrx_word' id='word_1_674' title='bbox 1053 1800 1189 1838; x_wconf 77' lang='grc' dir='ltr'>βασιλέως.</span> <span class='ocrx_word' id='word_1_675' title='bbox 1201 1801 1237 1829; x_wconf 91' lang='grc' dir='ltr'>Τί</span> <span class='ocrx_word' id='word_1_676' title='bbox 1258 1800 1357 1838; x_wconf 67' lang='grc' dir='ltr'>λέγειςς</span> <span class='ocrx_word' id='word_1_677' title='bbox 1371 1801 1565 1841; x_wconf 66' lang='grc' dir='ltr'>κατεφρονήθης</span> <span class='ocrx_word' id='word_1_678' title='bbox 1575 1825 1583 1837; x_wconf 93' lang='grc'>,</span> <span class='ocrx_word' id='word_1_679' title='bbox 1606 1801 1651 1831; x_wconf 82' lang='grc' dir='ltr'>καὶ</span> <span class='ocrx_word' id='word_1_680' title='bbox 1672 1803 1813 1841; x_wconf 49' lang='grc' dir='ltr'>θαυμάζῃς</span> 
     </span>
     <span class='ocr_line' id='line_1_91' title="bbox 1051 1845 1813 1896; baseline 0.004 -22"><span class='ocrx_word' id='word_1_681' title='bbox 1051 1845 1110 1878; x_wconf 70' lang='grc' dir='ltr'>τοὺς</span> <span class='ocrx_word' id='word_1_682' title='bbox 1121 1845 1326 1883; x_wconf 72' lang='grc' dir='ltr'>διαπτύσοιντας;</span> <span class='ocrx_word' id='word_1_683' title='bbox 1340 1846 1391 1875; x_wconf 66' lang='lat' dir='ltr'>Nat</span> <span class='ocrx_word' id='word_1_684' title='bbox 1399 1869 1406 1882; x_wconf 88' lang='lat'>‚</span> <span class='ocrx_word' id='word_1_685' title='bbox 1422 1847 1500 1886; x_wconf 78' lang='grc' dir='ltr'>φησὶ,</span> <span class='ocrx_word' id='word_1_686' title='bbox 1517 1847 1586 1886; x_wconf 88' lang='grc' dir='ltr'>[καὶ]</span> <span class='ocrx_word' id='word_1_687' title='bbox 1598 1848 1631 1876; x_wconf 80' lang='grc' dir='ltr'>δι’</span> <span class='ocrx_word' id='word_1_688' title='bbox 1648 1848 1710 1877; x_wconf 80' lang='grc' dir='ltr'>αὐτὸ</span> <span class='ocrx_word' id='word_1_689' title='bbox 1720 1852 1795 1877; x_wconf 81' lang='grc' dir='ltr'>τοῦτο</span> <span class='ocrx_word' id='word_1_690' title='bbox 1790 1871 1813 1896; x_wconf 60' lang='lat' dir='ltr'><strong>d</strong></span> 
     </span>
     <span class='ocr_line' id='line_1_92' title="bbox 1050 1892 1809 1931; baseline 0.004 -11"><span class='ocrx_word' id='word_1_691' title='bbox 1050 1892 1089 1920; x_wconf 78' lang='grc' dir='ltr'>ὅτι</span> <span class='ocrx_word' id='word_1_692' title='bbox 1103 1892 1296 1931; x_wconf 62' lang='grc' dir='ltr'>κατεφρονήθην</span> <span class='ocrx_word' id='word_1_693' title='bbox 1306 1903 1312 1909; x_wconf 92' lang='grc'><em>·</em></span> <span class='ocrx_word' id='word_1_694' title='bbox 1324 1892 1368 1920; x_wconf 79' lang='grc' dir='ltr'>καὶ</span> <span class='ocrx_word' id='word_1_695' title='bbox 1383 1895 1427 1921; x_wconf 76' lang='grc' dir='ltr'>τοῦ</span> <span class='ocrx_word' id='word_1_696' title='bbox 1448 1892 1578 1925; x_wconf 76' lang='grc' dir='ltr'>θαύματος</span> <span class='ocrx_word' id='word_1_697' title='bbox 1593 1892 1690 1929; x_wconf 63' lang='grc' dir='ltr'>ταύτην</span> <span class='ocrx_word' id='word_1_698' title='bbox 1706 1893 1754 1929; x_wconf 86' lang='grc' dir='ltr'>τὴν</span> <span class='ocrx_word' id='word_1_699' title='bbox 1768 1896 1809 1923; x_wconf 87' lang='grc' dir='ltr'>αἰ-</span> 
     </span>
     <span class='ocr_line' id='line_1_93' title="bbox 1050 1937 1813 1979; baseline 0.003 -13"><span class='ocrx_word' id='word_1_700' title='bbox 1050 1937 1107 1966; x_wconf 82' lang='grc' dir='ltr'>τίαν</span> <span class='ocrx_word' id='word_1_701' title='bbox 1120 1937 1215 1972; x_wconf 85' lang='grc' dir='ltr'>τίθησι.</span> <span class='ocrx_word' id='word_1_702' title='bbox 1229 1937 1312 1966; x_wconf 67' lang='grc' dir='ltr'>Ἵὶστε</span> <span class='ocrx_word' id='word_1_703' title='bbox 1327 1939 1355 1966; x_wconf 89' lang='grc' dir='ltr'>οὐ</span> <span class='ocrx_word' id='word_1_704' title='bbox 1371 1937 1413 1966; x_wconf 79' lang='grc' dir='ltr'>διὰ</span> <span class='ocrx_word' id='word_1_705' title='bbox 1426 1938 1455 1967; x_wconf 85' lang='grc' dir='ltr'>τὸ</span> <span class='ocrx_word' id='word_1_706' title='bbox 1468 1942 1575 1976; x_wconf 83' lang='grc' dir='ltr'>σημεῖον</span> <span class='ocrx_word' id='word_1_707' title='bbox 1590 1940 1607 1973; x_wconf 83' lang='grc' dir='ltr'>ἡ</span> <span class='ocrx_word' id='word_1_708' title='bbox 1625 1939 1685 1972; x_wconf 83' lang='grc' dir='ltr'>δόξα</span> <span class='ocrx_word' id='word_1_709' title='bbox 1698 1941 1736 1978; x_wconf 80' lang='grc' dir='ltr'>τῷ</span> <span class='ocrx_word' id='word_1_710' title='bbox 1750 1940 1813 1979; x_wconf 81' lang='grc' dir='ltr'>Θεῷ</span> 
     </span>
     <span class='ocr_line' id='line_1_94' title="bbox 1049 1982 1813 2024; baseline 0.004 -13"><span class='ocrx_word' id='word_1_711' title='bbox 1049 1983 1107 2011; x_wconf 86' lang='grc' dir='ltr'>τότε</span> <span class='ocrx_word' id='word_1_712' title='bbox 1119 1983 1206 2022; x_wconf 81' lang='grc' dir='ltr'>γέγονε</span> <span class='ocrx_word' id='word_1_713' title='bbox 1219 1982 1305 2020; x_wconf 77' lang='grc' dir='ltr'>μόνον,</span> <span class='ocrx_word' id='word_1_714' title='bbox 1324 1983 1392 2012; x_wconf 72' lang='grc' dir='ltr'>ἀλλὰ</span> <span class='ocrx_word' id='word_1_715' title='bbox 1407 1983 1452 2012; x_wconf 78' lang='grc' dir='ltr'>καὶ</span> <span class='ocrx_word' id='word_1_716' title='bbox 1465 1984 1509 2012; x_wconf 80' lang='grc' dir='ltr'>διὰ</span> <span class='ocrx_word' id='word_1_717' title='bbox 1530 1984 1579 2019; x_wconf 76' lang='grc' dir='ltr'>τὴν</span> <span class='ocrx_word' id='word_1_718' title='bbox 1599 1985 1750 2024; x_wconf 85' lang='grc' dir='ltr'>προαίρεσιν</span> <span class='ocrx_word' id='word_1_719' title='bbox 1761 1987 1813 2014; x_wconf 81' lang='grc' dir='ltr'>τῶν</span> 
     </span>
     <span class='ocr_line' id='line_1_95' title="bbox 1050 2029 1814 2068; baseline 0.003 -9"><span class='ocrx_word' id='word_1_720' title='bbox 1050 2029 1242 2068; x_wconf 65' lang='grc' dir='ltr'>ε’μὸληθέντων.</span> <span class='ocrx_word' id='word_1_721' title='bbox 1258 2031 1291 2058; x_wconf 80' lang='grc' dir='ltr'>Εἰ</span> <span class='ocrx_word' id='word_1_722' title='bbox 1302 2029 1384 2058; x_wconf 78' lang='grc' dir='ltr'>δὲκαὶ</span> <span class='ocrx_word' id='word_1_723' title='bbox 1396 2032 1452 2058; x_wconf 86' lang='grc' dir='ltr'>καθ’</span> <span class='ocrx_word' id='word_1_724' title='bbox 1464 2030 1540 2059; x_wconf 79' lang='grc' dir='ltr'>ἑαυτὸ</span> <span class='ocrx_word' id='word_1_725' title='bbox 1550 2030 1680 2064; x_wconf 71' lang='grc' dir='ltr'>ἐξετάσειε</span> <span class='ocrx_word' id='word_1_726' title='bbox 1691 2043 1730 2064; x_wconf 81' lang='grc' dir='ltr'>τις</span> <span class='ocrx_word' id='word_1_727' title='bbox 1739 2035 1814 2061; x_wconf 80' lang='grc' dir='ltr'>τοῦτο</span> 
     </span>
     <span class='ocr_line' id='line_1_96' title="bbox 1051 2076 1814 2118; baseline 0.005 -15"><span class='ocrx_word' id='word_1_728' title='bbox 1051 2078 1170 2110; x_wconf 79' lang='grc' dir='ltr'>κάκεῖνο,</span> <span class='ocrx_word' id='word_1_729' title='bbox 1185 2077 1230 2104; x_wconf 78' lang='grc' dir='ltr'>οὖν.</span> <span class='ocrx_word' id='word_1_730' title='bbox 1252 2076 1358 2104; x_wconf 84' lang='grc' dir='ltr'>ἔλαττον</span> <span class='ocrx_word' id='word_1_731' title='bbox 1377 2079 1453 2105; x_wconf 68' lang='grc' dir='ltr'>τοῦτο</span> <span class='ocrx_word' id='word_1_732' title='bbox 1476 2076 1582 2106; x_wconf 85' lang='grc' dir='ltr'>ἐκείνου.</span> <span class='ocrx_word' id='word_1_733' title='bbox 1597 2078 1652 2106; x_wconf 79' lang='grc' dir='ltr'>Τοῦ</span> <span class='ocrx_word' id='word_1_734' title='bbox 1665 2077 1717 2118; x_wconf 79' lang='grc' dir='ltr'>γὰρ</span> <span class='ocrx_word' id='word_1_735' title='bbox 1733 2077 1814 2117; x_wconf 84' lang='grc' dir='ltr'>ῥύσα-</span> 
     </span>
     <span class='ocr_line' id='line_1_97' title="bbox 1051 2121 1815 2162; baseline 0.001 -10"><span class='ocrx_word' id='word_1_736' title='bbox 1051 2125 1111 2152; x_wconf 85' lang='grc' dir='ltr'>σθαι</span> <span class='ocrx_word' id='word_1_737' title='bbox 1125 2121 1234 2160; x_wconf 82' lang='grc' dir='ltr'>καμίνου</span> <span class='ocrx_word' id='word_1_738' title='bbox 1247 2122 1276 2150; x_wconf 84' lang='grc' dir='ltr'>τὸ</span> <span class='ocrx_word' id='word_1_739' title='bbox 1284 2127 1374 2151; x_wconf 90' lang='grc' dir='ltr'>πεῖσαι</span> <span class='ocrx_word' id='word_1_740' title='bbox 1385 2122 1469 2161; x_wconf 72' lang='grc' dir='ltr'>ψυχὰς</span> <span class='ocrx_word' id='word_1_741' title='bbox 1480 2125 1680 2162; x_wconf 75' lang='grc' dir='ltr'>κατατολμῆσαι</span> <span class='ocrx_word' id='word_1_742' title='bbox 1693 2123 1815 2162; x_wconf 83' lang='grc' dir='ltr'>καμίνου.</span> 
     </span>
    </p>
   </div>
   <div class='ocr_carea' id='block_1_14' title="bbox 1015 2168 1814 2210">
    <p class='ocr_par' dir='ltr' id='par_1_14' title="bbox 1015 2168 1814 2210">
     <span class='ocr_line' id='line_1_98' title="bbox 1015 2168 1814 2210; baseline 0.001 -13"><span class='ocrx_word' id='word_1_743' title='bbox 1015 2174 1033 2197; x_wconf 92' lang='lat' dir='ltr'>C</span> <span class='ocrx_word' id='word_1_744' title='bbox 1051 2170 1096 2198; x_wconf 67' lang='grc' dir='ltr'>οὐκ</span> <span class='ocrx_word' id='word_1_745' title='bbox 1109 2168 1216 2197; x_wconf 82' lang='grc' dir='ltr'>ἔλαττον</span> <span class='ocrx_word' id='word_1_746' title='bbox 1229 2169 1265 2200; x_wconf 82' lang='grc' dir='ltr'>εἷς</span> <span class='ocrx_word' id='word_1_747' title='bbox 1277 2168 1408 2206; x_wconf 78' lang='grc' dir='ltr'>θαύματος</span> <span class='ocrx_word' id='word_1_748' title='bbox 1421 2169 1507 2207; x_wconf 82' lang='grc' dir='ltr'>λόγον.</span> <span class='ocrx_word' id='word_1_749' title='bbox 1521 2170 1584 2202; x_wconf 81' lang='grc' dir='ltr'>Πῶς</span> <span class='ocrx_word' id='word_1_750' title='bbox 1595 2169 1646 2210; x_wconf 80' lang='grc' dir='ltr'>γὰρ</span> <span class='ocrx_word' id='word_1_751' title='bbox 1657 2171 1703 2199; x_wconf 80' lang='grc' dir='ltr'>οὔκ</span> <span class='ocrx_word' id='word_1_752' title='bbox 1716 2169 1814 2204; x_wconf 85' lang='grc' dir='ltr'>ἐκπλή-</span> 
     </span>
    </p>
   </div>
   <div class='ocr_carea' id='block_1_15' title="bbox 1051 2214 1815 2623">
    <p class='ocr_par' dir='ltr' id='par_1_15' title="bbox 1051 2214 1815 2623">
     <span class='ocr_line' id='line_1_99' title="bbox 1052 2214 1815 2253; baseline 0 -9"><span class='ocrx_word' id='word_1_753' title='bbox 1052 2215 1113 2248; x_wconf 82' lang='grc' dir='ltr'>ξεως</span> <span class='ocrx_word' id='word_1_754' title='bbox 1127 2214 1205 2250; x_wconf 82' lang='grc' dir='ltr'>ἄξιον,</span> <span class='ocrx_word' id='word_1_755' title='bbox 1225 2214 1286 2243; x_wconf 80' lang='grc' dir='ltr'>ὅταν</span> <span class='ocrx_word' id='word_1_756' title='bbox 1300 2216 1313 2242; x_wconf 83' lang='grc' dir='ltr'><strong>ὃ</strong></span> <span class='ocrx_word' id='word_1_757' title='bbox 1327 2216 1373 2248; x_wconf 51' lang='grc' dir='ltr'>τῆς</span> <span class='ocrx_word' id='word_1_758' title='bbox 1387 2215 1540 2253; x_wconf 83' lang='grc' dir='ltr'>οἰκουμένης</span> <span class='ocrx_word' id='word_1_759' title='bbox 1555 2215 1692 2253; x_wconf 78' lang='grc' dir='ltr'>βασιλεὺς,</span> <span class='ocrx_word' id='word_1_760' title='bbox 1706 2215 1751 2244; x_wconf 82' lang='grc' dir='ltr'>καὶ</span> <span class='ocrx_word' id='word_1_761' title='bbox 1769 2225 1815 2243; x_wconf 82' lang='grc' dir='ltr'>το-</span> 
     </span>
     <span class='ocr_line' id='line_1_100' title="bbox 1051 2260 1813 2301; baseline 0 -11"><span class='ocrx_word' id='word_1_762' title='bbox 1051 2265 1134 2290; x_wconf 74' lang='grc' dir='ltr'>σαῦτα</span> <span class='ocrx_word' id='word_1_763' title='bbox 1153 2261 1214 2300; x_wconf 81' lang='grc' dir='ltr'>περὶ</span> <span class='ocrx_word' id='word_1_764' title='bbox 1234 2260 1323 2289; x_wconf 80' lang='grc' dir='ltr'>ἑαυτὸν</span> <span class='ocrx_word' id='word_1_765' title='bbox 1345 2260 1414 2289; x_wconf 81' lang='grc' dir='ltr'>ὅπλα</span> <span class='ocrx_word' id='word_1_766' title='bbox 1433 2261 1500 2300; x_wconf 75' lang='grc' dir='ltr'>ἔχων</span> <span class='ocrx_word' id='word_1_767' title='bbox 1523 2261 1569 2290; x_wconf 79' lang='grc' dir='ltr'>καὶ</span> <span class='ocrx_word' id='word_1_768' title='bbox 1583 2261 1746 2301; x_wconf 82' lang='grc' dir='ltr'>στρατόπεδα</span> <span class='ocrx_word' id='word_1_769' title='bbox 1768 2262 1813 2290; x_wconf 88' lang='grc' dir='ltr'>καὶ</span> 
     </span>
     <span class='ocr_line' id='line_1_101' title="bbox 1052 2306 1814 2347; baseline 0 -11"><span class='ocrx_word' id='word_1_770' title='bbox 1052 2307 1212 2347; x_wconf 74' lang='grc' dir='ltr'>στρατηγοὺς</span> <span class='ocrx_word' id='word_1_771' title='bbox 1225 2307 1269 2336; x_wconf 78' lang='grc' dir='ltr'>καὶ</span> <span class='ocrx_word' id='word_1_772' title='bbox 1283 2307 1418 2347; x_wconf 75' lang='grc' dir='ltr'>τοπάρχας</span> <span class='ocrx_word' id='word_1_773' title='bbox 1438 2307 1483 2336; x_wconf 77' lang='grc' dir='ltr'>καὶ</span> <span class='ocrx_word' id='word_1_774' title='bbox 1501 2306 1613 2340; x_wconf 79' lang='grc' dir='ltr'>ὑπάτους</span> <span class='ocrx_word' id='word_1_775' title='bbox 1622 2328 1630 2341; x_wconf 90' lang='grc'>,</span> <span class='ocrx_word' id='word_1_776' title='bbox 1648 2307 1692 2336; x_wconf 84' lang='grc' dir='ltr'>καὶ</span> <span class='ocrx_word' id='word_1_777' title='bbox 1703 2310 1752 2346; x_wconf 79' lang='grc' dir='ltr'>γῆν</span> <span class='ocrx_word' id='word_1_778' title='bbox 1768 2308 1814 2337; x_wconf 79' lang='grc' dir='ltr'>καὶ</span> 
     </span>
     <span class='ocr_line' id='line_1_102' title="bbox 1052 2353 1812 2392; baseline 0.001 -10"><span class='ocrx_word' id='word_1_779' title='bbox 1052 2355 1182 2383; x_wconf 84' lang='grc' dir='ltr'>θάλατταν</span> <span class='ocrx_word' id='word_1_780' title='bbox 1196 2353 1377 2391; x_wconf 79' lang='grc' dir='ltr'>ὑποκειμένην,</span> <span class='ocrx_word' id='word_1_781' title='bbox 1392 2353 1442 2381; x_wconf 81' lang='grc' dir='ltr'>ὑπὸ</span> <span class='ocrx_word' id='word_1_782' title='bbox 1453 2353 1555 2382; x_wconf 79' lang='grc' dir='ltr'>παίδων</span> <span class='ocrx_word' id='word_1_783' title='bbox 1569 2353 1744 2392; x_wconf 79' lang='grc' dir='ltr'>αἰχμαλώτων</span> <span class='ocrx_word' id='word_1_784' title='bbox 1759 2367 1812 2383; x_wconf 87' lang='grc' dir='ltr'>κα-</span> 
     </span>
     <span class='ocr_line' id='line_1_103' title="bbox 1051 2398 1813 2439; baseline 0 -11"><span class='ocrx_word' id='word_1_785' title='bbox 1051 2402 1228 2439; x_wconf 62' lang='grc' dir='ltr'>ταφρονῆται,</span> <span class='ocrx_word' id='word_1_786' title='bbox 1253 2399 1297 2427; x_wconf 73' lang='grc' dir='ltr'>καὶ</span> <span class='ocrx_word' id='word_1_787' title='bbox 1316 2401 1339 2428; x_wconf 82' lang='grc' dir='ltr'>οἱ</span> <span class='ocrx_word' id='word_1_788' title='bbox 1359 2398 1489 2436; x_wconf 76' lang='grc' dir='ltr'>δεδεμένοι</span> <span class='ocrx_word' id='word_1_789' title='bbox 1509 2401 1554 2427; x_wconf 72' lang='grc' dir='ltr'>τοῦ</span> <span class='ocrx_word' id='word_1_790' title='bbox 1573 2399 1698 2433; x_wconf 57' lang='grc' dir='ltr'>δῆσαν-»ος</span> <span class='ocrx_word' id='word_1_791' title='bbox 1711 2400 1813 2439; x_wconf 84' lang='grc' dir='ltr'>περιγί-</span> 
     </span>
     <span class='ocr_line' id='line_1_104' title="bbox 1051 2444 1812 2484; baseline -0.001 -9"><span class='ocrx_word' id='word_1_792' title='bbox 1051 2459 1146 2475; x_wconf 79' lang='grc' dir='ltr'>νωντοιι</span> <span class='ocrx_word' id='word_1_793' title='bbox 1160 2446 1205 2474; x_wconf 80' lang='grc' dir='ltr'>καὶ</span> <span class='ocrx_word' id='word_1_794' title='bbox 1220 2450 1306 2473; x_wconf 79' lang='grc' dir='ltr'>πᾶσαν</span> <span class='ocrx_word' id='word_1_795' title='bbox 1325 2447 1416 2473; x_wconf 80' lang='grc' dir='ltr'>νικῶσι</span> <span class='ocrx_word' id='word_1_796' title='bbox 1432 2444 1479 2479; x_wconf 90' lang='grc' dir='ltr'>τὴν</span> <span class='ocrx_word' id='word_1_797' title='bbox 1501 2445 1625 2484; x_wconf 73' lang='grc' dir='ltr'>στρατιὰν</span> <span class='ocrx_word' id='word_1_798' title='bbox 1647 2445 1760 2482; x_wconf 78' lang='grc' dir='ltr'>ἐκείνην;</span> <span class='ocrx_word' id='word_1_799' title='bbox 1781 2447 1812 2474; x_wconf 78' lang='grc' dir='ltr'>οὐ</span> 
     </span>
     <span class='ocr_line' id='line_1_105' title="bbox 1051 2489 1811 2531; baseline 0 -11"><span class='ocrx_word' id='word_1_800' title='bbox 1051 2492 1101 2531; x_wconf 85' lang='grc' dir='ltr'>γὰρ</span> <span class='ocrx_word' id='word_1_801' title='bbox 1111 2492 1232 2531; x_wconf 52' lang='grc' dir='ltr'>ἴσχυσαν,</span> <span class='ocrx_word' id='word_1_802' title='bbox 1245 2490 1310 2529; x_wconf 78' lang='grc' dir='ltr'>ὅπερ</span> <span class='ocrx_word' id='word_1_803' title='bbox 1321 2489 1422 2526; x_wconf 81' lang='grc' dir='ltr'>ἤθελον,</span> <span class='ocrx_word' id='word_1_804' title='bbox 1438 2493 1461 2519; x_wconf 88' lang='grc' dir='ltr'>οἱ</span> <span class='ocrx_word' id='word_1_805' title='bbox 1477 2490 1537 2530; x_wconf 83' lang='grc' dir='ltr'>περὶ</span> <span class='ocrx_word' id='word_1_806' title='bbox 1551 2490 1594 2519; x_wconf 76' lang='grc' dir='ltr'>τὸν</span> <span class='ocrx_word' id='word_1_807' title='bbox 1617 2491 1726 2529; x_wconf 73' lang='grc' dir='ltr'>βασιλέα</span> <span class='ocrx_word' id='word_1_808' title='bbox 1735 2513 1744 2527; x_wconf 89' lang='grc'>,</span> <span class='ocrx_word' id='word_1_809' title='bbox 1765 2492 1811 2520; x_wconf 83' lang='grc' dir='ltr'>καὶ</span> 
     </span>
     <span class='ocr_line' id='line_1_106' title="bbox 1051 2536 1810 2577; baseline -0.001 -10"><span class='ocrx_word' id='word_1_810' title='bbox 1051 2541 1132 2567; x_wconf 78' lang='grc' dir='ltr'>ταῦτα</span> <span class='ocrx_word' id='word_1_811' title='bbox 1146 2538 1190 2567; x_wconf 75' lang='grc' dir='ltr'>καὶ</span> <span class='ocrx_word' id='word_1_812' title='bbox 1205 2538 1252 2572; x_wconf 78' lang='grc' dir='ltr'>τὴν</span> <span class='ocrx_word' id='word_1_813' title='bbox 1269 2536 1321 2565; x_wconf 77' lang='grc' dir='ltr'>ἀπὸ</span> <span class='ocrx_word' id='word_1_814' title='bbox 1337 2539 1382 2571; x_wconf 70' lang='grc' dir='ltr'>τῆς</span> <span class='ocrx_word' id='word_1_815' title='bbox 1397 2537 1507 2575; x_wconf 83' lang='grc' dir='ltr'>καμίνου</span> <span class='ocrx_word' id='word_1_816' title='bbox 1524 2538 1678 2576; x_wconf 79' lang='grc' dir='ltr'>συμμαχίαν</span> <span class='ocrx_word' id='word_1_817' title='bbox 1692 2537 1810 2577; x_wconf 75' lang='grc' dir='ltr'>ἔχοντες·</span> 
     </span>
     <span class='ocr_line' id='line_1_107' title="bbox 1051 2583 1811 2623; baseline -0.003 -9"><span class='ocrx_word' id='word_1_818' title='bbox 1051 2587 1107 2614; x_wconf 70' lang='grc' dir='ltr'>ἀλλ’</span> <span class='ocrx_word' id='word_1_819' title='bbox 1122 2587 1145 2614; x_wconf 69' lang='grc' dir='ltr'>οἳ.</span> <span class='ocrx_word' id='word_1_820' title='bbox 1157 2584 1249 2623; x_wconf 70' lang='grc' dir='ltr'>γυμνοὶ</span> <span class='ocrx_word' id='word_1_821' title='bbox 1260 2584 1304 2612; x_wconf 79' lang='grc' dir='ltr'>καὶ</span> <span class='ocrx_word' id='word_1_822' title='bbox 1319 2585 1404 2612; x_wconf 68' lang='grc' dir='ltr'>δοῦλοι</span> <span class='ocrx_word' id='word_1_823' title='bbox 1418 2583 1460 2611; x_wconf 74' lang='grc' dir='ltr'>καὶ</span> <span class='ocrx_word' id='word_1_824' title='bbox 1477 2583 1541 2616; x_wconf 78' lang='grc' dir='ltr'>ξένοι</span> <span class='ocrx_word' id='word_1_825' title='bbox 1555 2583 1599 2612; x_wconf 82' lang='grc' dir='ltr'>καὶ</span> <span class='ocrx_word' id='word_1_826' title='bbox 1610 2583 1692 2621; x_wconf 75' lang='grc' dir='ltr'>ὀλίγοι</span> <span class='ocrx_word' id='word_1_827' title='bbox 1705 2584 1746 2622; x_wconf 79' lang='grc' dir='ltr'>(τί</span> <span class='ocrx_word' id='word_1_828' title='bbox 1759 2583 1811 2622; x_wconf 73' lang='grc' dir='ltr'>γὰρ</span> 
     </span>
    </p>
   </div>
  </div>
 </body>
</html>
