1891 2866
278 197 287 217 1
299 182 343 229 76

271 262 317 283 cst.
329 255 358 284 Si
369 255 439 283 enim
451 255 658 284 immortalitatis
669 257 830 296 exspectatio
839 257 925 286 50111111
935 256 1006 285 Ada-

272 312 346 329 11111111
367 308 471 330 tantum
492 301 634 338 extulit3si
647 313 739 331 revera
757 303 915 331 immortalis
934 313 1007 331 man-

267 347 354 381 sisset,
372 347 399 375 in
411 354 536 385 quantam
549 348 726 386 arrogantiam
745 359 796 377 11011
816 348 1005 388 processisset?

269 393 304 421 Et
324 404 394 422 1111110
406 393 515 432 quidem
529 400 585 432 post
599 401 736 433 peccatum
748 402 821 434 [10105
834 401 938 433 peccata
952 394 1005 422 sol-

268 449 341 475 vere,
351 450 412 468 011111
421 450 516 479 corpus
531 440 564 468 sit
581 440 693 477 humile,
707 441 841 480 abjectum
858 440 1005 469 etdissolu-

267 492 324 514 tum
330 498 339 523 5
352 486 393 515 lice
412 487 511 526 quippe
531 487 701 525 cogitationes
724 495 834 526 possunt
854 494 1004 526 temperan-

266 539 319 561 10111
330 532 442 561 reddere
451 545 457 560 ε
466 534 487 561 51
501 539 589 561 autem
605 543 736 572 peccasses
750 533 777 561 in
790 532 942 568 immortali,
952 539 1005 560 sta-

263 579 360 607 biliora
376 580 485 608 fortasse
494 580 605 608 fuissent
619 586 735 619 peccata.
749 580 807 607 Non
821 588 883 617 ergo
899 585 1003 606 morta-

264 625 300 655 lis
313 633 405 654 natura
421 637 499 654 causa
514 625 613 665 peccati
637 633 686 663 051,
702 635 734 653 110
749 635 867 661 «10011505,
881 624 928 653 sed
947 635 1002 653 ma·
1016 629 1036 651 D

264 672 322 700 lum
338 672 481 701 voluntatis
505 673 673 711 propositum
694 678 732 700 est
754 671 834 699 radix
860 671 1001 700 malorum.

265 718 321 746 Cur
339 719 410 747 0111111
435 718 544 746 Abclem
568 728 664 757 corpus
686 728 739 746 11011
762 716 852 745 laesit?
869 728 918 746 cur
933 717 1003 746 nihil

264 765 363 803 profuit
377 764 553 799 daemonibus,
570 763 643 801 quod
663 770 747 792 essent
765 763 935 803 incorporei?
951 763 1003 793 Vis

263 810 331 838 scire
351 809 483 848 quomodo
505 820 600 848 corpus
620 809 731 838 mortale
752 820 806 838 non
829 809 941 843 laeserit,
955 809 1003 839 sed

263 856 342 884 etiam
351 856 450 894 juvet?
464 855 527 884 audi
542 862 640 893 quanta
653 855 717 884 hine
728 855 851 893 lucreris,
863 855 884 885 si
894 856 1001 895 vigiles.

263 902 433 938 Moeroribus,
444 901 581 930 doloribus
595 908 675 940 atque
688 901 826 930 laboribus
839 902 953 940 aliisque
965 902 1001 930 si-

263 947 372 976 milibus
384 954 409 976 te
420 948 530 976 retrahit
542 954 567 976 01
581 947 673 976 avellit
686 958 701 976 a
715 947 790 976 vitio.
803 947 856 976 Sed
870 947 951 976 etiam
965 947 1001 976 ad

261 993 477 1029 fornicationem,
493 993 608 1031 inquies,
623 993 725 1021 trahit?
740 993 797 1021 Non
822 1003 930 1032 corpus,
955 993 1001 1022 sed

262 1039 530 1068 incontinentiazhaec
545 1039 646 1078 quippe
659 1039 756 1075 omnia,
766 1049 824 1077 quae
838 1039 906 1076 dixi,
917 1039 1001 1068 omni-
1015 1047 1033 1070 Ε

263 1097 297 1115 110
311 1087 430 1126 corporis
439 1093 509 1115 sunt.
523 1086 692 1125 Quapropter
704 1085 762 1114 fieri
775 1085 865 1124 nequit
879 1092 908 1114 ut
919 1086 1000 1115 homo

265 1133 292 1161 in
307 1133 375 1162 hanc
390 1134 471 1162 vitam
485 1133 593 1162 veniens
607 1143 659 1161 11011
673 1132 773 1167 doleat,
786 1133 887 1161 laboret
900 1139 925 1161 ct
937 1144 1001 1162 moe-

263 1186 331 1216 reat;
345 1190 397 1208 non
410 1179 534 1208 fornicari
554 1189 617 1208 vero
633 1185 727 1218 potest.
746 1179 838 1217 Itaque
858 1179 880 1207 51
900 1186 1000 1208 naturae

263 1227 381 1265 corporis
393 1233 476 1254 essent
490 1237 530 1263 ea,
545 1236 605 1264 quze
620 1225 653 1253 ad
665 1225 729 1253 vitia
739 1225 878 1264 pertinent,
892 1226 999 1255 univer-

263 1272 328 1301 salia
349 1279 432 1300 esseut
443 1272 521 1300 :talia
537 1271 607 1300 enim
619 1271 750 1300 naturalia
764 1278 838 1307 sunt3
853 1278 880 1300 at
894 1282 946 1300 non
961 1279 999 1300 ta-

263 1319 295 1347 lis
306 1329 346 1346 res
357 1325 394 1347 est
405 1318 542 1346 fornicari:
551 1317 640 1346 dolere
651 1317 714 1346 inde
724 1317 857 1357 provenit,
874 1318 998 1347 fornicari

260 1371 350 1393 autem
363 1375 394 1393 ex
407 1363 544 1404 proposito
558 1363 711 1392 voluntatis.
723 1364 762 1392 Ne
775 1374 837 1401 ergo
846 1374 942 1403 corpus
956 1374 999 1393 ac-

261 1420 344 1445 cuses,
357 1421 390 1438 ne
399 1410 525 1438 honorem
540 1409 590 1437 tibi
600 1409 672 1437 aufei
674 1415 700 1437 at
709 1408 842 1445 diabolus,
855 1419 934 1447 quem
948 1409 1039 1456 tibi151

260 1455 336 1485 dedit
359 1457 440 1484 Deus.
454 1456 484 1485 Si
506 1455 717 1489 01111111011111115,
740 1455 872 1494 optimum
893 1455 997 1484 frenum
1015 1466 1034 1487 A

260 1503 310 1531 erit
320 1513 365 1531 001
366 1502 502 1541 pus,quod
510 1502 603 1530 animae
618 1501 732 1530 insultus
743 1508 867 1537 coerceat,
875 1512 998 1540 arrogan-

261 1549 324 1577 tiam
339 1548 445 1581 avellat,
452 1549 549 1576 fastum
562 1547 698 1586 reprimat,
707 1554 731 1575 et
743 1547 771 1575 in
785 1547 919 1586 praeclaris
934 1559 999 1587 ope-

260 1595 334 1623 ribus
347 1595 424 1623 nobis
440 1595 580 1623 ministret.
603 1595 642 1622 Ne
658 1594 725 1622 mihi
740 1594 854 1622 furentes
869 1594 998 1632 quosdam

259 1640 347 1669 dicas:
361 1652 421 1669 nam
443 1651 513 1680 saepe
527 1640 649 1669 videmus
666 1650 746 1678 equos
764 1639 885 1678 aurigam
908 1639 1000 1668 detur-

259 1687 352 1716 bantes
372 1697 434 1715 cum
452 1687 526 1715 freno
545 1692 570 1714 01
589 1696 636 1725 [101
654 1685 804 1725 1)raecipitia
816 1695 872 1713 sese
891 1685 997 1722 dantes3

260 1733 304 1761 sed
320 1734 424 1762 frenum
439 1743 490 1761 non
506 1732 660 1771 culpamus,
677 1742 729 1760 nou
744 1731 815 1759 enim
834 1731 905 1760 illud
926 1732 1000 1771 abje-

261 1786 332 1808 ctum
347 1780 373 1808 in
387 1790 465 1807 causa
481 1786 533 1815 051,
549 1778 594 1807 sed
616 1780 720 1816 auriga,
742 1777 788 1816 qui
802 1788 854 1806 non
876 1778 996 1813 retinuit,

260 1825 349 1853 omnia
363 1825 491 1864 perdidit.
507 1825 546 1853 lta
560 1825 604 1853 1110
624 1835 730 1862 quoque
745 1831 838 1863 reputa
848 1823 883 1853 :si
898 1823 998 1853 videris

257 1872 383 1909 juvenem
397 1871 557 1910 orphanum,
574 1877 599 1898 et
614 1869 683 1898 mala
695 1870 832 1898 innumera
845 1877 998 1909 perpetran-

260 1924 321 1953 tem,
331 1927 363 1945 ne
373 1928 468 1956 corpus
486 1917 597 1953 incuses,
614 1915 660 1944 scd
679 1916 800 1954 aurigam
814 1915 861 1954 qui
872 1915 997 1951 trahitur,

260 1973 354 2002 nempe
371 1963 509 1991 rationem.
532 1963 607 1992 Sicut
620 1962 691 1991 enim
705 1962 778 1991 frena
795 1973 847 1990 non
863 1962 998 2000 negotium
1014 1962 1032 1984 Β

260 2009 361 2037 faciunt
374 2009 482 2047 aurigae,
494 2009 539 2037 sed
553 2009 598 2037 ille
610 2009 729 2037 omnium
743 2019 821 2037 causa
832 2015 880 2043 est,
894 2008 940 2046 qui
952 2008 998 2037 ha-

259 2055 339 2083 benas
355 2065 406 2083 non
430 2055 512 2093 probe
532 2055 642 2090 retinet3
657 2054 770 2092 ideoque
789 2054 823 2082 ab
844 2054 891 2082 illo
905 2057 997 2093 poeuas

259 2107 392 2139 repetunt,
409 2110 470 2128 cum
487 2100 534 2128 illo
549 2100 712 2139 complicata}
724 2100 833 2128 habenae
846 2106 871 2128 et
885 2110 945 2128 eum
960 2106 998 2128 at-

259 2146 368 2174 trahunt
381 2152 406 2174 et
427 2152 525 2183 cogunt
538 2156 592 2173 0550
615 2146 772 2184 participem
786 2145 924 2174 infortunii
941 2145 996 2174 sui:

260 2191 297 2219 ita
310 2191 394 2220 ethic
414 2201 527 2229 quoque.
550 2190 609 2229 Ego
631 2191 712 2228 enim,
730 2191 868 2229 inquiunt,
885 2201 913 2219 os
936 2191 998 2229 equi

259 2237 371 2266 habenis
391 2237 526 2275 regebam,
545 2235 675 2274 quamdiu
690 2243 718 2264 tu
731 2237 848 2265 tenebas:
859 2236 921 2274 quia
935 2247 998 2266 vero

260 2282 389 2322 abjecisti,
401 2283 483 2311 abste
499 2282 577 2320 exigo
589 2292 679 2321 poenas
692 2289 839 2310 contemtus
855 2282 904 2318 tui,
919 2289 944 2311 et
958 2289 997 2311 10-

260 2340 322 2358 011111
334 2329 480 2369 complicor
489 2335 514 2358 et
525 2328 640 2366 attraho,
648 2335 677 2356 ut
689 2338 720 2357 ne
730 2328 846 2367 amplius
859 2328 911 2357 tale
922 2328 999 2367 quid⁴

261 2376 332 2415 piam
346 2376 440 2416 patiar.
449 2376 533 2404 Nemo
547 2374 634 2413 itaque
652 2374 770 2403 habenas
784 2374 882 2414 culpet,
897 2374 942 2403 sed
956 2385 996 2403 50-

261 2424 348 2461 ipsum
361 2429 386 2451 et
395 2428 550 2461 corruptum
560 2421 688 2449 animum.
701 2421 770 2449 Nam
782 2420 809 2448 in
817 2421 893 2449 nobis
903 2420 996 2459 auriga

261 2475 298 2496 051
321 2468 398 2503 ratio,
415 2468 523 2496 habena:
538 2478 643 2507 corpus,
658 2477 716 2505 quae
730 2477 810 2505 equos
824 2477 885 2495 011111
902 2467 994 2505 auriga

610 195 638 218 S.

297 2572 302 2581 ῑ
321 2563 484 2590 [Addidimus
499 2567 545 2592 ἴσω,-
556 2562 666 2588 oblatum
682 2564 705 2588 in
719 2563 747 2588 Α.
763 2564 789 2588 B.
802 2570 826 2588 et
835 2573 912 2595 marg.
927 2563 1014 2593 Snvil]

667 195 806 219 JOANNJS
830 195 1010 219 CHRYSOST.
1039 196 1181 220 Ancnuzt‘
1188 212 1195 219 ·

1224 197 1490 220 CONSTANTINOP-

1058 258 1111 286 Καὶ
1123 260 1166 286 νῦν
1178 257 1224 296 μὲν
1237 257 1362 298 ἁμαρτὼν
1374 258 1482 288 δύνασαι
1496 260 1573 288 λῧσαι
1587 259 1620 289 τὰ
1632 259 1823 299 ἁμαρτήματα,

1057 306 1102 332 τοῦ
1118 303 1239 341 σώματος
1261 307 1383 333 ταπεινοῦ
1403 304 1474 337 ὄντος
1491 305 1536 334 καὶ
1554 305 1761 338 καταπίπτοντος
1775 305 1820 334 καὶ

1058 348 1226 386 διαλυομένου
1238 361 1244 366 ·
1259 349 1304 378 καὶ
1315 349 1365 388 γὰρ
1378 345 1454 378 αῧται
1470 352 1496 379 αἱ
1509 350 1603 379 ἔννοιαι
1615 351 1702 379 ἱκαναὶ
1717 362 1821 390 σωφρο-

1057 395 1127 424 νίσαι
1140 406 1146 412 ·
1162 397 1184 424 εἷ
1200 395 1226 424 δὲ
1241 397 1267 424 ἐν
1283 396 1403 436 ἀθανάτῳ
1415 397 1636 435 ἐπλημμέλησας,
1653 397 1819 437 μονιμώτερα

1056 441 1137 473 ’ἱῖσως
1151 441 1259 480 ἔμελλεν
1280 437 1346 470 εἶναι
1368 442 1401 471 τὰ
1421 442 1609 483 ἁμαρτήματα.
1632 444 1671 471 Οὐ
1696 441 1781 471 τοίνυν
1803 445 1820 478 ἡ

1056 487 1181 523 θνητότης
1195 487 1266 516 αἰτία
1281 490 1328 523 τ’ἥς
1347 488 1490 527 ἁμαρτίας,
1508 488 1544 528 μὴ
1561 489 1714 529 κατηγόρει,
1729 489 1788 518 ἀλλ’
1801 491 1818 524 ἡ

1055 532 1158 569 πονηρὰ
1173 533 1324 573 προαίρεσίς
1342 535 1411 563 ἔστιν
1425 537 1442 569 ἡ
1457 534 1515 574 ῥίζα
1529 536 1580 563 τῶν
1596 536 1695 563 κακῶν.
1720 533 1773 564 Διὰ
1791 534 1817 562 τί

1054 578 1106 617 γὰρ
1121 579 1201 617 μηδὲν
1219 580 1263 608 τὸν
1278 579 1356 609 Ἄὸελ
1369 581 1399 610 τὸ
1410 583 1488 619 σῶμα
1502 581 1625 616 ἦδίκησες
1640 580 1682 610 διὰ
1696 580 1722 609 τί
1737 580 1818 618 μηδὲν

1054 624 1112 657 τοὺς
1124 625 1247 663 δαίμονας
1259 625 1288 654 τὸ
1300 625 1439 664 ἀσώματον
1449 626 1550 661 ὤνησες
1562 626 1654 655 Βούλει
1667 629 1767 664 μαθεῖν,
1779 625 1820 655 ὅτι

1053 671 1081 699 οὗ
1093 671 1170 708 μόνον
1183 673 1230 700 οὐκ
1240 671 1337 711 ἔὲλαψε
1351 673 1381 701 τὸ
1394 674 1472 710 σῶμα
1487 672 1577 707 θνητὸν
1592 672 1738 710 γενόμενον,
1750 671 1819 702 ἀλλὰ

1053 717 1098 745 καὶ
1115 717 1265 757 ὠφέλησεν,
1280 718 1390 747 ἄκουσον
1408 718 1456 748 ὅσα
1479 718 1637 758 κερδαίνεις,
1659 718 1703 747 ἐὰν
1718 718 1819 758 νήφῃς,

1053 765 1083 792 ἐκ
1096 763 1196 793 τούτου.
1216 764 1345 793 Ἀνθέλκει
1365 777 1394 794 σε
1411 764 1455 793 καὶ
1468 769 1587 804 περισπᾷ
1600 764 1652 794 ἀπὸ
1665 767 1711 800 τῆς
1725 764 1819 798 κακίας

1054 810 1155 843 ὄδυναις
1176 810 1221 839 καὶ
1243 809 1339 844 λύπαις
1363 822 1408 839 και
1423 810 1510 843 πόνοις
1524 823 1569 840 και
1580 822 1634 844 τοις
1653 810 1742 843 ἄλλοις
1764 814 1819 844 τοῖς

1053 856 1187 889 τοιούτοις.
1202 856 1281 885 Ἀλλὰ
1295 869 1340 885 και
1362 859 1398 889 εἰς
1414 856 1535 895 πορνείαν
1550 856 1649 896 ἐξάγει,
1668 856 1763 896 φησίν;
1776 857 1817 886 Οὔ

1053 901 1082 930 τὸ
1097 915 1184 940 σωμα,
1200 903 1258 931 ἀλλ’
1272 904 1288 937 ἡ
1304 902 1451 932 ἀκολασία·
1467 913 1551 931 ταυτα
1563 901 1610 941 μὲν
1624 901 1684 942 γὰρ,
1697 901 1764 940 ἅπερ
1778 896 1817 930 εἶ-

1052 959 1111 983 πον,
1125 949 1230 982 πάντως
1242 961 1287 977 του
1303 948 1424 986 σώματός
1435 950 1500 977 ἐστι.
1517 947 1614 987 Διόπερ
1626 959 1672 976 ουκ
1689 947 1758 976 ἔστιν
1773 947 1818 976 ἄν·

1053 996 1154 1034 θρωπον
1168 996 1204 1027 εἷς
1217 994 1259 1022 τὸν
1273 994 1328 1032 βίον
1344 995 1386 1023 ἐλθ
1374 993 1451 1023 θόντα
1465 998 1553 1023 τοῦτον
1567 993 1603 1032 μὴ
1619 993 1663 1022 καὶ
1677 997 1759 1022 νοσεῖν
1772 1005 1817 1021 και

1053 1041 1140 1079 ἀλγεῖν
1159 1052 1204 1069 και
1225 1041 1346 1078 ἀθυμεῖν,
1367 1039 1426 1078 μὴ
1418 1040 1551 1080 πορνεύειν
1575 1039 1602 1069 δὲ
1620 1039 1666 1068 ἔνι.
1681 1038 1768 1068 “flere
1794 1039 1818 1067 εἷ

1051 1098 1098 1121 της
1109 1089 1154 1115 τοῦ
1168 1085 1287 1124 σώματος
1299 1089 1330 1121 ἠν
1347 1085 1447 1125 φύσεως
1457 1098 1502 1114 και
1515 1085 1549 1114 τὰ
1559 1088 1604 1120 τῆς
1618 1084 1723 1121 κακίας,
1735 1087 1816 1114 καθο-

1051 1132 1137 1161 ὶικὰ
1125 1145 1155 1160 αν
1166 1135 1215 1167 ῆν·
1230 1132 1263 1160 τὰ
1277 1131 1327 1171 γὰρ
1342 1131 1439 1171 φυσικὰ
1455 1135 1577 1168 τοιαῦτα,
1598 1131 1628 1160 τὸ
1642 1131 1670 1160 δὲ
1682 1130 1815 1171 πορνεύειν

1052 1180 1079 1208 οὐ
1092 1181 1206 1207 τοιοῦτον
1218 1190 1223 1196 ·
1237 1178 1304 1207 ἀλλὰ
1318 1178 1348 1206 τὸ
1362 1177 1409 1216 μὲν
1420 1179 1507 1216 ἀλγεῖν
1520 1165 1649 1214 ἐντεῦθεν,
1668 1177 1698 1206 τὸ
1711 1176 1739 1205 δὲ
1752 1188 1816 1216 πορ-

1050 1225 1130 1254 νεύειν
1142 1224 1193 1253 ἀπὸ
1206 1226 1254 1258 τῆς
1267 1223 1452 1264 προαιρέσεως.
1464 1223 1511 1259 Μὴ
1523 1223 1607 1252 τοίνυν
1617 1222 1758 1262 κατηγόρει
1767 1225 1815 1252 τοῦ

1051 1271 1184 1309 σώματος,
1200 1270 1237 1309 μή
1258 1282 1303 1299 σου
1318 1270 1366 1305 τὴν
1384 1269 1463 1308 τιμὴν
1479 1269 1638 1310 ἀφαιρείσθω
1652 1272 1666 1298 ὁ
1680 1269 1815 1306 διάὸολος,

1050 1317 1081 1352 ἥν
1099 1329 1139 1345 σοι
1149 1316 1243 1345 ἔδωκεν
1256 1319 1269 1346 ὃ
1282 1316 1359 1349 Θεός.
1369 1314 1414 1344 Ἂν
1426 1316 1476 1355 γὰρ
1489 1316 1615 1354 θέλωμεν,
1626 1314 1733 1354 χαλινός
1745 1317 1816 1345 ἐστιν

1050 1363 1155 1402 ἀριστος
1167 1363 1196 1391 τὸ
1207 1364 1296 1400 σῶμα,
1310 1361 1343 1391 τὰ
1358 1361 1524 1401 σκιρτήματα
1534 1363 1581 1396 τῆς
1594 1363 1680 1401 ψυχῆς
1693 1361 1815 1401 κατέχον,

1051 1409 1174 1438 ἀπόνοιαν
1189 1410 1346 1445 κατασπῶν,
1363 1406 1514 1441 ἀλαζονείαν
1529 1407 1642 1444 κωλύον,
1657 1409 1683 1436 ἐν
1695 1412 1750 1441 τοῖς
1764 1420 1816 1446 με-

1050 1455 1146 1494 γίστοις
1168 1453 1368 1493 κατορθώμασιν
1390 1457 1454 1491 ἡμῖν
1475 1453 1684 1491 διακονούμενον.
1702 1453 1748 1489 Μὴ
1763 1453 1814 1492 γάρ

1051 1513 1095 1539 μοι
1115 1500 1174 1533 τοὺς
1199 1500 1369 1538 μαινομένους
1393 1499 1467 1539 εἴπῃς
1479 1511 1486 1517 ·
1506 1499 1563 1529 ἐπεὶ
1587 1499 1632 1528 καὶ
1654 1501 1706 1528 τῶν
1725 1498 1813 1528 ἵππων

1049 1545 1160 1579 πολλοὺς
1173 1547 1274 1584 ὁρῶμεν
1288 1545 1356 1574 κατὰ
1378 1547 1502 1586 κρημνῶν
1521 1545 1674 1584 φερομένους
1687 1544 1730 1574 τὸν
1744 1545 1814 1581 ἡνίο-

1049 1602 1096 1630 χον
1112 1591 1236 1630 ῥίψαντας
1252 1591 1318 1629 μετὰ
1336 1595 1381 1620 τοῦ
1399 1592 1507 1630 χαλινοῦ
1519 1602 1526 1608 ·
1539 1592 1596 1619 ἀλλ’
1611 1591 1641 1620 οὗ
1658 1591 1814 1630 μεμφόμεθα

1049 1637 1091 1666 τὸν
1105 1637 1212 1677 χαλινόν
1224 1649 1230 1655 ·
1245 1639 1273 1666 οὒ
1289 1637 1339 1676 γὰρ
1354 1639 1448 1670 ἐκεῖνος
1462 1636 1630 1669 διασπασθεὶς
1641 1639 1716 1666 τοῦτο
1727 1637 1814 1676 εἰργά-

1050 1695 1126 1719 σατο,
1143 1684 1199 1712 ἀλλ’
1213 1685 1252 1712 ὁ
1240 1682 1343 1722 ηνίοχος
1353 1685 1367 1711 ὃ
1382 1683 1417 1721 μὴ
1438 1682 1588 1722 κατασχὼν,
1604 1681 1691 1711 πάντα
1705 1682 1813 1711 ἀπώλε-

1050 1741 1102 1758 σεν
1116 1729 1197 1758 Οὕτω
1217 1728 1249 1764 δὴ
1268 1730 1313 1758 καὶ
1332 1730 1441 1758 ἐνταυθα
1456 1728 1577 1768 λογίζου·
1592 1728 1621 1758 ἂν
1638 1728 1695 1767 ἴδῃς
1709 1728 1764 1757 νέον
1786 1729 1812 1757 ἐν

1050 1775 1159 1815 ὂροανιᾳ
1174 1777 1257 1808 ζωντα
1278 1775 1322 1803 καὶ
1345 1774 1426 1814 μυρία
1448 1773 1618 1814 ἐργαζόμενον
1632 1774 1717 1809 κακὰ,
1731 1773 1768 1813 μὴ
1783 1774 1814 1803 τὸ

1050 1823 1129 1859 σῶμα
1150 1822 1242 1855 αἰτιῶ,
1256 1820 1324 1850 ἀλλὰ
1344 1821 1387 1849 τὸν
1401 1820 1506 1859 ἡνίοχον
1527 1821 1570 1849 τὸν
1595 1820 1749 1860 συρόμενον,
1769 1820 1812 1850 τὸν

1050 1867 1174 1904 λογισμὸν
1188 1866 1266 1904 λέγω.
1280 1866 1387 1905 ΕὨσπερ
1408 1866 1459 1904 γὰρ
1480 1868 1506 1894 αἱ
1522 1865 1594 1900 ἡνίαι
1617 1868 1646 1894 οὐ
1665 1865 1813 1905 παρέχουσι

1051 1912 1195 1951 πράγματα
1208 1914 1245 1951 τῷ
1259 1912 1358 1950 ἡνιόχῳ
1367 1935 1375 1948 ,
1391 1912 1448 1940 ἀλλ’
1463 1914 1476 1941 ὁ
1490 1911 1594 1950 ἡνίοχος
1606 1911 1711 1940 πάντων
1733 1911 1814 1945 αἴτιος

1051 1959 1079 1986 οὐ
1094 1959 1180 1990 καλῶς
1195 1957 1274 1990 αὐτὰς
1288 1957 1407 1996 κατέχων
1420 1969 1426 1975 ·
1441 1957 1534 1986 διὸκαὶ
1549 1957 1622 1993 δίκην
1642 1958 1718 1987 αὐτὸν
1730 1959 1814 1986 ἀπαι-

1050 2007 1138 2040 τοῦσι,
1153 2004 1366 2042 συμπλεκόμεναι
1385 2005 1454 2042 αὐτῷ
1469 2004 1512 2032 καὶ
1527 2003 1725 2044 παρασύρουσαι
1745 2006 1814 2034 πολ-

1051 2049 1126 2082 λάκις
1141 2050 1185 2078 καὶ
1201 2050 1392 2088 ἀναγκάζουσαι
1405 2051 1452 2084 τ’ἧς
1465 2050 1561 2083 οἰκείας
1582 2049 1742 2090 δυσπραγίας
1758 2062 1814 2080 κοι-

1051 2100 1139 2124 νωνεῖν
1153 2107 1158 2112 ·
1171 2095 1238 2124 οὕτω
1255 2095 1286 2130 δὴ
1302 2095 1346 2124 καὶ
1358 2097 1475 2124 ἐνταῦθα.
1492 2095 1563 2134 Ἐγὼ
1584 2096 1630 2135 μὲν
1643 2095 1707 2136 γὰρ,
1720 2096 1813 2136 φησὶν,

1051 2141 1163 2179 ἵμασσον
1176 2141 1206 2170 τὸ
1225 2141 1310 2178 στόμα
1330 2143 1374 2169 τοῦ
1393 2141 1491 2177 ἵππου,
1507 2141 1556 2175 ἕως
1571 2146 1690 2181 κατεῖχες
1700 2153 1706 2159 ·
1721 2142 1812 2178 ἐπειδὴ

1052 2186 1079 2216 δὲ
1094 2187 1209 2226 ἔρριψας,
1221 2188 1324 2215 ἀπαιτῶ
1339 2198 1367 2216 σε
1381 2189 1427 2222 τῆς
1441 2187 1658 2228 καταφρονήσεως
1668 2188 1756 2226 δίκην,
1768 2188 1814 2217 καὶ

1052 2232 1244 2272 περιπλέκομαι
1266 2232 1311 2261 καὶ
1331 2232 1489 2273 παρασύρω,
1503 2233 1571 2263 ὥστε
1585 2233 1680 2272 μηκέτι
1698 2234 1730 2263 τὸ
1749 2233 1813 2262 αὐτὸ

1053 2283 1152 2309 παθεῖν.
1167 2280 1266 2314 Μηδεὶς
1279 2279 1363 2308 τοίνυν
1379 2280 1504 2309 αἰτιάσθω
1518 2280 1564 2313 τὰς
1577 2280 1666 2316 ἡνίας,
1678 2281 1736 2309 ἀλλ’
1750 2281 1812 2309 ἔαυ-

1052 2338 1095 2354 τον
1110 2338 1152 2355 και
1163 2325 1210 2360 τὴν
1226 2325 1415 2364 διεφθαρμένην
1428 2325 1543 2364 γνώμην.
1556 2325 1608 2354 Και
1621 2325 1671 2365 γαρ
1685 2327 1724 2365 ἐφ’
1736 2328 1812 2364 ἡμῶν

1052 2371 1155 2411 ἡνίοχός
1175 2373 1244 2401 ἐστιν
1266 2374 1279 2400 ὁ
1300 2371 1438 2410 λογισμός·
1452 2371 1523 2406 ἡνίαι
1539 2372 1566 2399 δὲ
1581 2371 1611 2400 τὸ
1623 2374 1716 2410 σῶμα,
1732 2373 1814 2402 συνά-

1052 2429 1144 2457 (ουσαι
1163 2429 1220 2450 τους
1241 2416 1336 2450 ἵππους
1355 2416 1419 2457 πρὸς
1440 2417 1484 2446 τὸν
1505 2417 1616 2456 ἡνίοχον.
1637 2417 1684 2448 ιὶν
1707 2417 1755 2456 μὲν
1769 2421 1812 2447 οὖν

1053 2466 1138 2496 καλῶς
1156 2466 1233 2492 αὗται
1248 2462 1418 2499 οιακέωνται,
1433 2462 1504 2492 οὗδεν
1523 2463 1601 2501 πείσῃ
1616 2463 1714 2493 δεινόν·
1735 2463 1766 2493 ἂν
1785 2464 1812 2492 δὲ
