<?xml version="1.0" encoding="UTF-8"?>
<!DOCTYPE html PUBLIC "-//W3C//DTD XHTML 1.0 Transitional//EN"
    "http://www.w3.org/TR/xhtml1/DTD/xhtml1-transitional.dtd">
<html xmlns="http://www.w3.org/1999/xhtml" xml:lang="en" lang="en">
 <head>
  <title>
</title>
<meta http-equiv="Content-Type" content="text/html;charset=utf-8" />
  <meta name='ocr-system' content='tesseract 3.04.00' />
  <meta name='ocr-capabilities' content='ocr_page ocr_carea ocr_par ocr_line ocrx_word'/>
</head>
<body>
  <div class='ocr_page' id='page_1' title='image "./operaomniaquaeex10johnuoft/operaomniaquaeex10johnuoft_0252.png"; bbox 0 0 1891 2866; ppageno 0'>
   <div class='ocr_carea' id='block_1_1' title="bbox 86 1304 210 1361">
    <p class='ocr_par' dir='ltr' id='par_1_1' title="bbox 86 1304 210 1361">
     <span class='ocr_line' id='line_1_1' title="bbox 86 1304 210 1329; baseline 0 -3"><span class='ocrx_word' id='word_1_1' title='bbox 86 1310 106 1325; x_wconf 77' lang='grc' dir='ltr'>Ι.</span> <span class='ocrx_word' id='word_1_2' title='bbox 125 1304 210 1329; x_wconf 56' lang='lat' dir='ltr'>Confi⁵</span> 
     </span>
     <span class='ocr_line' id='line_1_2' title="bbox 88 1340 124 1361; baseline 0.056 -2"><span class='ocrx_word' id='word_1_3' title='bbox 88 1340 124 1361; x_wconf 85' lang='lat'>13.</span> 
     </span>
    </p>
   </div>
   <div class='ocr_carea' id='block_1_2' title="bbox 279 163 295 172">
    <p class='ocr_par' dir='ltr' id='par_1_2' title="bbox 279 163 295 172">
     <span class='ocr_line' id='line_1_3' title="bbox 279 163 295 172; baseline 0 -3"><span class='ocrx_word' id='word_1_4' title='bbox 279 163 295 172; x_wconf 77' lang='lat'>.-</span> 
     </span>
    </p>
   </div>
   <div class='ocr_carea' id='block_1_3' title="bbox 254 161 985 196">
    <p class='ocr_par' dir='ltr' id='par_1_3' title="bbox 254 161 985 196">
     <span class='ocr_line' id='line_1_4' title="bbox 254 161 985 196; baseline 0 -1"><span class='ocrx_word' id='word_1_5' title='bbox 254 161 323 196; x_wconf 63' lang='lat'>2:06</span> <span class='ocrx_word' id='word_1_6' title='bbox 584 173 612 194; x_wconf 87' lang='lat' dir='ltr'>s.</span> <span class='ocrx_word' id='word_1_7' title='bbox 642 172 780 195; x_wconf 59' lang='lat' dir='ltr'>sommis</span> <span class='ocrx_word' id='word_1_8' title='bbox 807 172 985 195; x_wconf 69' lang='lat' dir='ltr'>cnm&#39;sosr.</span> 
     </span>
    </p>
   </div>
   <div class='ocr_carea' id='block_1_4' title="bbox 237 233 1018 1104">
    <p class='ocr_par' dir='ltr' id='par_1_4' title="bbox 237 233 1018 1012">
     <span class='ocr_line' id='line_1_5' title="bbox 251 233 982 273; baseline -0.001 -11"><span class='ocrx_word' id='word_1_9' title='bbox 251 242 320 263; x_wconf 78' lang='lat' dir='ltr'>tum.</span> <span class='ocrx_word' id='word_1_10' title='bbox 342 235 384 262; x_wconf 91' lang='lat' dir='ltr'>Tu</span> <span class='ocrx_word' id='word_1_11' title='bbox 400 244 462 262; x_wconf 79' lang='lat' dir='ltr'>vcro</span> <span class='ocrx_word' id='word_1_12' title='bbox 476 244 532 269; x_wconf 85' lang='lat' dir='ltr'>cur,</span> <span class='ocrx_word' id='word_1_13' title='bbox 554 244 643 273; x_wconf 78' lang='lat' dir='ltr'>quaeso</span> <span class='ocrx_word' id='word_1_14' title='bbox 658 240 694 270; x_wconf 87' lang='lat' dir='ltr'>te,</span> <span class='ocrx_word' id='word_1_15' title='bbox 714 233 829 262; x_wconf 84' lang='lat' dir='ltr'>comedis</span> <span class='ocrx_word' id='word_1_16' title='bbox 843 233 869 261; x_wconf 91' lang='lat' dir='ltr'>in</span> <span class='ocrx_word' id='word_1_17' title='bbox 884 233 982 272; x_wconf 86' lang='lat' dir='ltr'>templo</span> 
     </span>
     <span class='ocr_line' id='line_1_6' title="bbox 248 279 981 318; baseline -0.001 -10"><span class='ocrx_word' id='word_1_18' title='bbox 248 280 403 309; x_wconf 76' lang='lat' dir='ltr'>idolorum?</span> <span class='ocrx_word' id='word_1_19' title='bbox 418 279 472 309; x_wconf 87' lang='lat' dir='ltr'>Sed</span> <span class='ocrx_word' id='word_1_20' title='bbox 483 279 669 309; x_wconf 79' lang='lat' dir='ltr'>rationabilem</span> <span class='ocrx_word' id='word_1_21' title='bbox 682 290 789 308; x_wconf 78' lang='lat' dir='ltr'>causam</span> <span class='ocrx_word' id='word_1_22' title='bbox 802 279 919 318; x_wconf 84' lang='lat' dir='ltr'>proferre</span> <span class='ocrx_word' id='word_1_23' title='bbox 930 290 981 307; x_wconf 92' lang='lat' dir='ltr'>non</span> 
     </span>
     <span class='ocr_line' id='line_1_7' title="bbox 249 325 982 365; baseline -0.003 -11"><span class='ocrx_word' id='word_1_24' title='bbox 249 327 341 365; x_wconf 85' lang='lat' dir='ltr'>possis.</span> <span class='ocrx_word' id='word_1_25' title='bbox 362 326 446 355; x_wconf 88' lang='lat' dir='ltr'>Cibus</span> <span class='ocrx_word' id='word_1_26' title='bbox 466 326 537 355; x_wconf 90' lang='lat' dir='ltr'>enim</span> <span class='ocrx_word' id='word_1_27' title='bbox 556 333 581 355; x_wconf 89' lang='lat' dir='ltr'>tc</span> <span class='ocrx_word' id='word_1_28' title='bbox 601 336 654 355; x_wconf 91' lang='lat' dir='ltr'>non</span> <span class='ocrx_word' id='word_1_29' title='bbox 676 325 841 354; x_wconf 80' lang='lat' dir='ltr'>commendat</span> <span class='ocrx_word' id='word_1_30' title='bbox 863 326 938 361; x_wconf 82' lang='lat' dir='ltr'>Deo3</span> <span class='ocrx_word' id='word_1_31' title='bbox 957 331 982 353; x_wconf 86' lang='lat' dir='ltr'>et</span> 
     </span>
     <span class='ocr_line' id='line_1_8' title="bbox 249 372 981 412; baseline -0.001 -12"><span class='ocrx_word' id='word_1_32' title='bbox 249 383 333 412; x_wconf 86' lang='lat' dir='ltr'>neque</span> <span class='ocrx_word' id='word_1_33' title='bbox 346 373 369 402; x_wconf 90' lang='lat' dir='ltr'>si</span> <span class='ocrx_word' id='word_1_34' title='bbox 378 372 510 410; x_wconf 78' lang='lat' dir='ltr'>comedaS,</span> <span class='ocrx_word' id='word_1_35' title='bbox 523 373 584 412; x_wconf 90' lang='lat' dir='ltr'>plus</span> <span class='ocrx_word' id='word_1_36' title='bbox 598 373 697 410; x_wconf 86' lang='lat' dir='ltr'>habes;</span> <span class='ocrx_word' id='word_1_37' title='bbox 715 383 799 411; x_wconf 81' lang='lat' dir='ltr'>neque</span> <span class='ocrx_word' id='word_1_38' title='bbox 810 372 831 400; x_wconf 86' lang='lat' dir='ltr'>si</span> <span class='ocrx_word' id='word_1_39' title='bbox 846 382 897 400; x_wconf 88' lang='lat' dir='ltr'>non</span> <span class='ocrx_word' id='word_1_40' title='bbox 909 382 981 400; x_wconf 78' lang='lat' dir='ltr'>com-</span> 
     </span>
     <span class='ocr_line' id='line_1_9' title="bbox 247 417 983 457; baseline -0.005 -9"><span class='ocrx_word' id='word_1_41' title='bbox 247 418 327 457; x_wconf 80' lang='lat' dir='ltr'>edas,</span> <span class='ocrx_word' id='word_1_42' title='bbox 346 419 443 448; x_wconf 86' lang='lat' dir='ltr'>minus.</span> <span class='ocrx_word' id='word_1_43' title='bbox 465 420 574 448; x_wconf 82' lang='lat' dir='ltr'>Frustra</span> <span class='ocrx_word' id='word_1_44' title='bbox 592 430 656 457; x_wconf 84' lang='lat' dir='ltr'>crgo</span> <span class='ocrx_word' id='word_1_45' title='bbox 676 426 701 448; x_wconf 85' lang='lat' dir='ltr'>et</span> <span class='ocrx_word' id='word_1_46' title='bbox 715 417 906 446; x_wconf 78' lang='lat' dir='ltr'>inconsiderate</span> <span class='ocrx_word' id='word_1_47' title='bbox 922 427 983 445; x_wconf 92' lang='lat' dir='ltr'>cur-</span> 
     </span>
     <span class='ocr_line' id='line_1_10' title="bbox 247 462 980 502; baseline -0.003 -10"><span class='ocrx_word' id='word_1_48' title='bbox 247 464 301 502; x_wconf 85' lang='lat' dir='ltr'>ris;</span> <span class='ocrx_word' id='word_1_49' title='bbox 320 465 371 494; x_wconf 87' lang='lat' dir='ltr'>hoc</span> <span class='ocrx_word' id='word_1_50' title='bbox 384 465 455 494; x_wconf 91' lang='lat' dir='ltr'>enim</span> <span class='ocrx_word' id='word_1_51' title='bbox 474 464 526 494; x_wconf 85' lang='lat' dir='ltr'>sibi</span> <span class='ocrx_word' id='word_1_52' title='bbox 542 465 600 494; x_wconf 83' lang='lat' dir='ltr'>vult</span> <span class='ocrx_word' id='word_1_53' title='bbox 613 464 691 501; x_wconf 75' lang='lat' dir='ltr'>illud,</span> <span class='ocrx_word' id='word_1_54' title='bbox 714 465 750 492; x_wconf 86' lang='lat' dir='ltr'>In</span> <span class='ocrx_word' id='word_1_55' title='bbox 764 466 916 492; x_wconf 83' lang='lat' dir='ltr'>incertum.</span> <span class='ocrx_word' id='word_1_56' title='bbox 933 462 980 491; x_wconf 82' lang='lat' dir='ltr'>Sic</span> 
     </span>
     <span class='ocr_line' id='line_1_11' title="bbox 242 509 979 551; baseline -0.007 -11"><span class='ocrx_word' id='word_1_57' title='bbox 242 521 349 550; x_wconf 80' lang='lat' dir='ltr'>pugno,</span> <span class='ocrx_word' id='word_1_58' title='bbox 377 522 435 540; x_wconf 86' lang='lat' dir='ltr'>non</span> <span class='ocrx_word' id='word_1_59' title='bbox 458 513 542 551; x_wconf 78' lang='lat' dir='ltr'>quasi</span> <span class='ocrx_word' id='word_1_60' title='bbox 564 520 660 539; x_wconf 83' lang='lat' dir='ltr'>aerem</span> <span class='ocrx_word' id='word_1_61' title='bbox 683 511 849 538; x_wconf 83' lang='lat' dir='ltr'>verberans.</span> <span class='ocrx_word' id='word_1_62' title='bbox 875 509 979 536; x_wconf 86' lang='lat' dir='ltr'><strong>Rursus</strong></span> 
     </span>
     <span class='ocr_line' id='line_1_12' title="bbox 242 553 979 594; baseline -0.004 -9"><span class='ocrx_word' id='word_1_63' title='bbox 242 557 321 594; x_wconf 85' lang='lat' dir='ltr'>illud,</span> <span class='ocrx_word' id='word_1_64' title='bbox 333 568 385 587; x_wconf 90' lang='lat' dir='ltr'>non</span> <span class='ocrx_word' id='word_1_65' title='bbox 395 565 493 586; x_wconf 87' lang='lat' dir='ltr'>temere</span> <span class='ocrx_word' id='word_1_66' title='bbox 503 564 527 586; x_wconf 83' lang='lat' dir='ltr'>et</span> <span class='ocrx_word' id='word_1_67' title='bbox 539 556 738 592; x_wconf 73' lang='lat' dir='ltr'>inconsiderate,</span> <span class='ocrx_word' id='word_1_68' title='bbox 746 554 917 584; x_wconf 80' lang='lat' dir='ltr'>subindicans</span> <span class='ocrx_word' id='word_1_69' title='bbox 927 553 979 582; x_wconf 90' lang='lat' dir='ltr'>hoc</span> 
     </span>
     <span class='ocr_line' id='line_1_13' title="bbox 243 600 975 642; baseline -0.007 -9"><span class='ocrx_word' id='word_1_70' title='bbox 243 603 281 632; x_wconf 74' lang='lat' dir='ltr'>ait</span> <span class='ocrx_word' id='word_1_71' title='bbox 291 616 297 632; x_wconf 76' lang='grc' dir='ltr'>ε</span> <span class='ocrx_word' id='word_1_72' title='bbox 309 604 394 633; x_wconf 87' lang='lat' dir='ltr'>habeo</span> <span class='ocrx_word' id='word_1_73' title='bbox 407 605 477 633; x_wconf 82' lang='lat' dir='ltr'>enim</span> <span class='ocrx_word' id='word_1_74' title='bbox 492 614 571 642; x_wconf 87' lang='lat' dir='ltr'>quem</span> <span class='ocrx_word' id='word_1_75' title='bbox 589 603 690 637; x_wconf 78' lang='lat' dir='ltr'>seriam,</span> <span class='ocrx_word' id='word_1_76' title='bbox 707 612 802 640; x_wconf 88' lang='lat' dir='ltr'>nempe</span> <span class='ocrx_word' id='word_1_77' title='bbox 816 600 954 629; x_wconf 85' lang='lat' dir='ltr'>diabolum</span> <span class='ocrx_word' id='word_1_78' title='bbox 965 612 975 638; x_wconf 77' lang='lat'><em>3</em></span> 
     </span>
     <span class='ocr_line' id='line_1_14' title="bbox 242 647 978 690; baseline -0.007 -11"><span class='ocrx_word' id='word_1_79' title='bbox 242 657 272 678; x_wconf 88' lang='lat' dir='ltr'>tu</span> <span class='ocrx_word' id='word_1_80' title='bbox 288 661 351 679; x_wconf 88' lang='lat' dir='ltr'>vero</span> <span class='ocrx_word' id='word_1_81' title='bbox 371 651 459 690; x_wconf 87' lang='lat' dir='ltr'>ipsum</span> <span class='ocrx_word' id='word_1_82' title='bbox 482 660 534 679; x_wconf 91' lang='lat' dir='ltr'>non</span> <span class='ocrx_word' id='word_1_83' title='bbox 556 649 626 684; x_wconf 88' lang='lat' dir='ltr'>seris,</span> <span class='ocrx_word' id='word_1_84' title='bbox 650 647 696 677; x_wconf 86' lang='lat' dir='ltr'>sed</span> <span class='ocrx_word' id='word_1_85' title='bbox 711 648 781 676; x_wconf 82' lang='lat' dir='ltr'>vires</span> <span class='ocrx_word' id='word_1_86' title='bbox 805 654 862 675; x_wconf 86' lang='lat' dir='ltr'>tuas</span> <span class='ocrx_word' id='word_1_87' title='bbox 882 653 978 675; x_wconf 86' lang='lat' dir='ltr'>temere</span> 
     </span>
     <span class='ocr_line' id='line_1_15' title="bbox 243 692 976 733; baseline -0.005 -8"><span class='ocrx_word' id='word_1_88' title='bbox 243 696 368 726; x_wconf 80' lang='lat' dir='ltr'>effundis.</span> <span class='ocrx_word' id='word_1_89' title='bbox 379 697 487 725; x_wconf 87' lang='lat' dir='ltr'>Interim</span> <span class='ocrx_word' id='word_1_90' title='bbox 499 696 558 724; x_wconf 90' lang='lat' dir='ltr'>illos</span> <span class='ocrx_word' id='word_1_91' title='bbox 567 694 641 733; x_wconf 81' lang='lat' dir='ltr'>quasi</span> <span class='ocrx_word' id='word_1_92' title='bbox 652 694 790 729; x_wconf 83' lang='lat' dir='ltr'>sustinens,</span> <span class='ocrx_word' id='word_1_93' title='bbox 804 693 841 721; x_wconf 81' lang='lat' dir='ltr'>ita</span> <span class='ocrx_word' id='word_1_94' title='bbox 849 692 976 730; x_wconf 83' lang='lat' dir='ltr'>loquitur.</span> 
     </span>
     <span class='ocr_line' id='line_1_16' title="bbox 242 738 977 777; baseline -0.004 -8"><span class='ocrx_word' id='word_1_95' title='bbox 242 743 313 777; x_wconf 86' lang='lat' dir='ltr'>Quia</span> <span class='ocrx_word' id='word_1_96' title='bbox 327 742 397 770; x_wconf 90' lang='lat' dir='ltr'>enim</span> <span class='ocrx_word' id='word_1_97' title='bbox 413 741 594 771; x_wconf 72' lang='lat' dir='ltr'>vehementius</span> <span class='ocrx_word' id='word_1_98' title='bbox 612 740 673 768; x_wconf 72' lang='lat' dir='ltr'>iilos</span> <span class='ocrx_word' id='word_1_99' title='bbox 695 739 836 767; x_wconf 82' lang='lat' dir='ltr'>insectatus</span> <span class='ocrx_word' id='word_1_100' title='bbox 849 738 935 767; x_wconf 87' lang='lat' dir='ltr'>fuerat</span> <span class='ocrx_word' id='word_1_101' title='bbox 949 738 977 767; x_wconf 92' lang='lat' dir='ltr'>in</span> 
     </span>
     <span class='ocr_line' id='line_1_17' title="bbox 241 783 976 827; baseline -0.005 -11"><span class='ocrx_word' id='word_1_102' title='bbox 241 787 556 827; x_wconf 76' lang='lat' dir='ltr'>praecedentibus‚rursus</span> <span class='ocrx_word' id='word_1_103' title='bbox 571 785 691 824; x_wconf 88' lang='lat' dir='ltr'>reprimit</span> <span class='ocrx_word' id='word_1_104' title='bbox 706 783 925 824; x_wconf 81' lang='lat' dir='ltr'>increpationem,</span> <span class='ocrx_word' id='word_1_105' title='bbox 941 784 976 813; x_wconf 84' lang='lat' dir='ltr'>ad</span> 
     </span>
     <span class='ocr_line' id='line_1_18' title="bbox 241 831 975 873; baseline -0.005 -10"><span class='ocrx_word' id='word_1_106' title='bbox 241 836 322 863; x_wconf 82' lang='lat' dir='ltr'>finem</span> <span class='ocrx_word' id='word_1_107' title='bbox 335 834 461 863; x_wconf 81' lang='lat' dir='ltr'>orationis</span> <span class='ocrx_word' id='word_1_108' title='bbox 472 832 632 873; x_wconf 79' lang='lat' dir='ltr'>profundam</span> <span class='ocrx_word' id='word_1_109' title='bbox 643 832 750 872; x_wconf 80' lang='lat' dir='ltr'>plagam</span> <span class='ocrx_word' id='word_1_110' title='bbox 763 841 909 860; x_wconf 85' lang='lat' dir='ltr'>reservans.</span> <span class='ocrx_word' id='word_1_111' title='bbox 924 831 975 860; x_wconf 86' lang='lat' dir='ltr'>Hic</span> 
     </span>
     <span class='ocr_line' id='line_1_19' title="bbox 239 878 1017 927; baseline -0.004 -18"><span class='ocrx_word' id='word_1_112' title='bbox 239 881 310 910; x_wconf 90' lang='lat' dir='ltr'>enim</span> <span class='ocrx_word' id='word_1_113' title='bbox 336 881 375 909; x_wconf 88' lang='lat' dir='ltr'>ait</span> <span class='ocrx_word' id='word_1_114' title='bbox 402 880 462 909; x_wconf 90' lang='lat' dir='ltr'>illos</span> <span class='ocrx_word' id='word_1_115' title='bbox 484 887 580 909; x_wconf 87' lang='lat' dir='ltr'>temere</span> <span class='ocrx_word' id='word_1_116' title='bbox 606 886 632 908; x_wconf 85' lang='lat' dir='ltr'>et</span> <span class='ocrx_word' id='word_1_117' title='bbox 659 878 853 907; x_wconf 80' lang='lat' dir='ltr'>inconsiderate</span> <span class='ocrx_word' id='word_1_118' title='bbox 877 888 955 917; x_wconf 84' lang='lat' dir='ltr'>agere</span> <span class='ocrx_word' id='word_1_119' title='bbox 965 890 973 915; x_wconf 80' lang='lat'><em>3</em></span> <span class='ocrx_word' id='word_1_120' title='bbox 983 908 1017 927; x_wconf 62' lang='lat' dir='ltr'><strong><em>w</em></strong></span> 
     </span>
     <span class='ocr_line' id='line_1_20' title="bbox 237 921 1018 966; baseline -0.005 -10"><span class='ocrx_word' id='word_1_121' title='bbox 237 934 327 966; x_wconf 83' lang='lat' dir='ltr'>postea</span> <span class='ocrx_word' id='word_1_122' title='bbox 338 925 542 964; x_wconf 85' lang='lat' dir='ltr'>ostendit,quod</span> <span class='ocrx_word' id='word_1_123' title='bbox 554 925 634 954; x_wconf 84' lang='lat' dir='ltr'>etiam</span> <span class='ocrx_word' id='word_1_124' title='bbox 650 925 678 953; x_wconf 93' lang='lat' dir='ltr'>in</span> <span class='ocrx_word' id='word_1_125' title='bbox 690 935 814 963; x_wconf 84' lang='lat' dir='ltr'>magnam</span> <span class='ocrx_word' id='word_1_126' title='bbox 824 924 865 953; x_wconf 89' lang='lat' dir='ltr'>sui</span> <span class='ocrx_word' id='word_1_127' title='bbox 878 924 973 964; x_wconf 79' lang='lat' dir='ltr'>capitis</span> <span class='ocrx_word' id='word_1_128' title='bbox 992 921 1018 958; x_wconf 58' lang='grc' dir='ltr'>,ξ</span> 
     </span>
     <span class='ocr_line' id='line_1_21' title="bbox 237 971 973 1012; baseline -0.001 -12"><span class='ocrx_word' id='word_1_129' title='bbox 237 973 389 1012; x_wconf 86' lang='lat' dir='ltr'>perniciem,</span> <span class='ocrx_word' id='word_1_130' title='bbox 400 979 425 1001; x_wconf 88' lang='lat' dir='ltr'>et</span> <span class='ocrx_word' id='word_1_131' title='bbox 435 972 507 1011; x_wconf 89' lang='lat' dir='ltr'>quod</span> <span class='ocrx_word' id='word_1_132' title='bbox 519 978 615 1012; x_wconf 84' lang='lat' dir='ltr'>praeter</span> <span class='ocrx_word' id='word_1_133' title='bbox 624 971 753 1000; x_wconf 89' lang='lat' dir='ltr'>damnum</span> <span class='ocrx_word' id='word_1_134' title='bbox 763 971 876 999; x_wconf 82' lang='lat' dir='ltr'>fratrum</span> <span class='ocrx_word' id='word_1_135' title='bbox 888 981 973 1009; x_wconf 87' lang='lat' dir='ltr'>neque</span> 
     </span>
    </p>

    <p class='ocr_par' dir='ltr' id='par_1_5' title="bbox 237 1017 972 1058">
     <span class='ocr_line' id='line_1_22' title="bbox 237 1017 972 1058; baseline -0.004 -10"><span class='ocrx_word' id='word_1_136' title='bbox 237 1019 290 1058; x_wconf 89' lang='lat' dir='ltr'>ipsi</span> <span class='ocrx_word' id='word_1_137' title='bbox 304 1019 382 1058; x_wconf 87' lang='lat' dir='ltr'>culpa</span> <span class='ocrx_word' id='word_1_138' title='bbox 399 1025 492 1048; x_wconf 84' lang='lat' dir='ltr'>vacent</span> <span class='ocrx_word' id='word_1_139' title='bbox 505 1018 563 1046; x_wconf 82' lang='lat' dir='ltr'>haec</span> <span class='ocrx_word' id='word_1_140' title='bbox 575 1017 708 1046; x_wconf 86' lang='lat' dir='ltr'>audentes.</span> <span class='ocrx_word' id='word_1_141' title='bbox 724 1019 773 1046; x_wconf 58' lang='grc' dir='ltr'>ΞΤ.</span> <span class='ocrx_word' id='word_1_142' title='bbox 787 1017 844 1046; x_wconf 78' lang='lat' dir='ltr'>Sed</span> <span class='ocrx_word' id='word_1_143' title='bbox 863 1019 972 1056; x_wconf 82' lang='lat' dir='ltr'>castigo</span> 
     </span>
    </p>

    <p class='ocr_par' dir='ltr' id='par_1_6' title="bbox 237 1063 970 1104">
     <span class='ocr_line' id='line_1_23' title="bbox 237 1063 970 1104; baseline -0.004 -9"><span class='ocrx_word' id='word_1_144' title='bbox 237 1075 339 1104; x_wconf 79' lang='lat' dir='ltr'>corpus</span> <span class='ocrx_word' id='word_1_145' title='bbox 349 1075 442 1093; x_wconf 80' lang='lat' dir='ltr'>meum</span> <span class='ocrx_word' id='word_1_146' title='bbox 456 1071 483 1093; x_wconf 81' lang='lat' dir='ltr'>et</span> <span class='ocrx_word' id='word_1_147' title='bbox 495 1067 526 1092; x_wconf 89' lang='lat' dir='ltr'>in</span> <span class='ocrx_word' id='word_1_148' title='bbox 537 1065 704 1093; x_wconf 74' lang='lat' dir='ltr'>servitutem</span> <span class='ocrx_word' id='word_1_149' title='bbox 714 1063 823 1102; x_wconf 84' lang='lat' dir='ltr'>redigo,</span> <span class='ocrx_word' id='word_1_150' title='bbox 834 1073 870 1091; x_wconf 84' lang='lat' dir='ltr'>ne</span> <span class='ocrx_word' id='word_1_151' title='bbox 881 1063 970 1101; x_wconf 83' lang='lat' dir='ltr'>forte,</span> 
     </span>
    </p>
   </div>
   <div class='ocr_carea' id='block_1_5' title="bbox 229 1109 1005 2400">
    <p class='ocr_par' dir='ltr' id='par_1_7' title="bbox 229 1109 1005 2400">
     <span class='ocr_line' id='line_1_24' title="bbox 237 1109 972 1150; baseline -0.004 -10"><span class='ocrx_word' id='word_1_152' title='bbox 237 1123 302 1140; x_wconf 84' lang='lat' dir='ltr'>cum</span> <span class='ocrx_word' id='word_1_153' title='bbox 317 1112 385 1140; x_wconf 76' lang='lat' dir='ltr'>aliis</span> <span class='ocrx_word' id='word_1_154' title='bbox 397 1112 601 1150; x_wconf 77' lang='lat' dir='ltr'>proedicavero,</span> <span class='ocrx_word' id='word_1_155' title='bbox 621 1112 681 1148; x_wconf 83' lang='lat' dir='ltr'>ipse</span> <span class='ocrx_word' id='word_1_156' title='bbox 689 1111 826 1148; x_wconf 79' lang='lat' dir='ltr'>reprobus</span> <span class='ocrx_word' id='word_1_157' title='bbox 847 1109 972 1149; x_wconf 71' lang='lat' dir='ltr'>efficiar.</span> 
     </span>
     <span class='ocr_line' id='line_1_25' title="bbox 236 1154 974 1194; baseline -0.004 -8"><span class='ocrx_word' id='word_1_158' title='bbox 236 1158 288 1187; x_wconf 91' lang='lat' dir='ltr'>Hic</span> <span class='ocrx_word' id='word_1_159' title='bbox 308 1157 424 1186; x_wconf 87' lang='lat' dir='ltr'>ostendit</span> <span class='ocrx_word' id='word_1_160' title='bbox 448 1167 494 1186; x_wconf 87' lang='lat' dir='ltr'>eos</span> <span class='ocrx_word' id='word_1_161' title='bbox 518 1163 544 1185; x_wconf 81' lang='lat' dir='ltr'>et</span> <span class='ocrx_word' id='word_1_162' title='bbox 568 1155 668 1184; x_wconf 83' lang='lat' dir='ltr'>ventris</span> <span class='ocrx_word' id='word_1_163' title='bbox 689 1155 820 1194; x_wconf 85' lang='lat' dir='ltr'>implendi</span> <span class='ocrx_word' id='word_1_164' title='bbox 842 1154 974 1183; x_wconf 89' lang='lat' dir='ltr'>desiderio</span> 
     </span>
     <span class='ocr_line' id='line_1_26' title="bbox 236 1201 974 1243; baseline -0.004 -11"><span class='ocrx_word' id='word_1_165' title='bbox 236 1204 329 1241; x_wconf 81' lang='lat' dir='ltr'>teneri,</span> <span class='ocrx_word' id='word_1_166' title='bbox 344 1211 371 1232; x_wconf 91' lang='lat' dir='ltr'>et</span> <span class='ocrx_word' id='word_1_167' title='bbox 384 1204 434 1243; x_wconf 88' lang='lat' dir='ltr'>ipsi</span> <span class='ocrx_word' id='word_1_168' title='bbox 453 1203 543 1231; x_wconf 84' lang='lat' dir='ltr'>laxare</span> <span class='ocrx_word' id='word_1_169' title='bbox 560 1202 685 1238; x_wconf 75' lang='lat' dir='ltr'>habenas,</span> <span class='ocrx_word' id='word_1_170' title='bbox 701 1208 726 1230; x_wconf 89' lang='lat' dir='ltr'>et</span> <span class='ocrx_word' id='word_1_171' title='bbox 740 1201 908 1241; x_wconf 82' lang='lat' dir='ltr'>perfectionis</span> <span class='ocrx_word' id='word_1_172' title='bbox 926 1201 974 1230; x_wconf 85' lang='lat' dir='ltr'>ob-</span> 
     </span>
     <span class='ocr_line' id='line_1_27' title="bbox 235 1247 972 1289; baseline -0.005 -9"><span class='ocrx_word' id='word_1_173' title='bbox 235 1257 309 1280; x_wconf 85' lang='lat' dir='ltr'>tentu</span> <span class='ocrx_word' id='word_1_174' title='bbox 334 1250 481 1289; x_wconf 80' lang='lat' dir='ltr'>ingluviem</span> <span class='ocrx_word' id='word_1_175' title='bbox 507 1249 618 1288; x_wconf 88' lang='lat' dir='ltr'>implere</span> <span class='ocrx_word' id='word_1_176' title='bbox 645 1258 721 1277; x_wconf 87' lang='lat' dir='ltr'>suam</span> <span class='ocrx_word' id='word_1_177' title='bbox 736 1259 744 1285; x_wconf 82' lang='lat'><em>3</em></span> <span class='ocrx_word' id='word_1_178' title='bbox 756 1247 828 1286; x_wconf 89' lang='lat' dir='ltr'>quod</span> <span class='ocrx_word' id='word_1_179' title='bbox 849 1247 972 1287; x_wconf 87' lang='lat' dir='ltr'>superius</span> 
     </span>
     <span class='ocr_line' id='line_1_28' title="bbox 235 1294 970 1338; baseline -0.007 -11"><span class='ocrx_word' id='word_1_180' title='bbox 235 1298 324 1327; x_wconf 83' lang='lat' dir='ltr'>dicere</span> <span class='ocrx_word' id='word_1_181' title='bbox 335 1297 510 1338; x_wconf 83' lang='lat' dir='ltr'>parturiebat,</span> <span class='ocrx_word' id='word_1_182' title='bbox 518 1307 579 1324; x_wconf 86' lang='lat' dir='ltr'>cum</span> <span class='ocrx_word' id='word_1_183' title='bbox 588 1295 624 1324; x_wconf 84' lang='lat' dir='ltr'>ita</span> <span class='ocrx_word' id='word_1_184' title='bbox 632 1294 784 1333; x_wconf 87' lang='lat' dir='ltr'>loqueretur</span> <span class='ocrx_word' id='word_1_185' title='bbox 794 1295 890 1323; x_wconf 84' lang='lat' dir='ltr'>:Escae</span> <span class='ocrx_word' id='word_1_186' title='bbox 900 1304 970 1322; x_wconf 85' lang='lat' dir='ltr'>ven-</span> 
     </span>
     <span class='ocr_line' id='line_1_29' title="bbox 235 1340 970 1382; baseline -0.01 -8"><span class='ocrx_word' id='word_1_187' title='bbox 235 1347 289 1382; x_wconf 83' lang='lat' dir='ltr'>tri,</span> <span class='ocrx_word' id='word_1_188' title='bbox 313 1351 341 1374; x_wconf 83' lang='lat' dir='ltr'>et</span> <span class='ocrx_word' id='word_1_189' title='bbox 362 1350 466 1373; x_wconf 80' lang='lat' dir='ltr'>venter</span> <span class='ocrx_word' id='word_1_190' title='bbox 488 1344 569 1372; x_wconf 80' lang='lat' dir='ltr'>escis.</span> <span class='ocrx_word' id='word_1_191' title='bbox 581 1341 653 1378; x_wconf 84' lang='lat' dir='ltr'>Quia</span> <span class='ocrx_word' id='word_1_192' title='bbox 677 1340 748 1369; x_wconf 90' lang='lat' dir='ltr'>enim</span> <span class='ocrx_word' id='word_1_193' title='bbox 771 1340 970 1369; x_wconf 83' lang='lat' dir='ltr'>fornicationem</span> 
     </span>
     <span class='ocr_line' id='line_1_30' title="bbox 233 1386 1005 1430; baseline -0.008 -10"><span class='ocrx_word' id='word_1_194' title='bbox 233 1391 336 1420; x_wconf 77' lang='lat' dir='ltr'>deliciae</span> <span class='ocrx_word' id='word_1_195' title='bbox 347 1390 464 1430; x_wconf 77' lang='lat' dir='ltr'>pariunt,</span> <span class='ocrx_word' id='word_1_196' title='bbox 479 1395 505 1417; x_wconf 86' lang='lat' dir='ltr'>et</span> <span class='ocrx_word' id='word_1_197' title='bbox 516 1388 566 1417; x_wconf 89' lang='lat' dir='ltr'>hoc</span> <span class='ocrx_word' id='word_1_198' title='bbox 581 1387 683 1427; x_wconf 84' lang='lat' dir='ltr'>peperit</span> <span class='ocrx_word' id='word_1_199' title='bbox 700 1386 896 1423; x_wconf 74' lang='lat' dir='ltr'>idololatriam5</span> <span class='ocrx_word' id='word_1_200' title='bbox 910 1387 970 1425; x_wconf 84' lang='lat' dir='ltr'>jure</span> <span class='ocrx_word' id='word_1_201' title='bbox 987 1391 1005 1414; x_wconf 86' lang='lat' dir='ltr'>B</span> 
     </span>
     <span class='ocr_line' id='line_1_31' title="bbox 233 1432 969 1476; baseline -0.008 -10"><span class='ocrx_word' id='word_1_202' title='bbox 233 1448 302 1476; x_wconf 67' lang='lat' dir='ltr'>saepe</span> <span class='ocrx_word' id='word_1_203' title='bbox 317 1437 389 1465; x_wconf 89' lang='lat' dir='ltr'>hunc</span> <span class='ocrx_word' id='word_1_204' title='bbox 403 1436 546 1464; x_wconf 80' lang='lat' dir='ltr'>insectatur</span> <span class='ocrx_word' id='word_1_205' title='bbox 562 1433 694 1462; x_wconf 87' lang='lat' dir='ltr'>morbum.</span> <span class='ocrx_word' id='word_1_206' title='bbox 708 1432 743 1460; x_wconf 89' lang='lat' dir='ltr'>Et</span> <span class='ocrx_word' id='word_1_207' title='bbox 758 1443 820 1461; x_wconf 80' lang='lat' dir='ltr'>cum</span> <span class='ocrx_word' id='word_1_208' title='bbox 834 1432 969 1461; x_wconf 76' lang='lat' dir='ltr'>ostendis-</span> 
     </span>
     <span class='ocr_line' id='line_1_32' title="bbox 232 1478 968 1522; baseline -0.01 -9"><span class='ocrx_word' id='word_1_209' title='bbox 232 1490 271 1513; x_wconf 89' lang='lat' dir='ltr'>set</span> <span class='ocrx_word' id='word_1_210' title='bbox 286 1489 384 1522; x_wconf 88' lang='lat' dir='ltr'>quanta</span> <span class='ocrx_word' id='word_1_211' title='bbox 401 1492 495 1522; x_wconf 85' lang='lat' dir='ltr'>passus</span> <span class='ocrx_word' id='word_1_212' title='bbox 510 1487 577 1509; x_wconf 86' lang='lat' dir='ltr'>esset</span> <span class='ocrx_word' id='word_1_213' title='bbox 591 1486 699 1519; x_wconf 87' lang='lat' dir='ltr'>propter</span> <span class='ocrx_word' id='word_1_214' title='bbox 713 1478 881 1518; x_wconf 77' lang='lat' dir='ltr'>evangelium</span> <span class='ocrx_word' id='word_1_215' title='bbox 892 1501 900 1516; x_wconf 89' lang='lat'><em>,</em></span> <span class='ocrx_word' id='word_1_216' title='bbox 916 1478 968 1507; x_wconf 88' lang='lat' dir='ltr'>hoc</span> 
     </span>
     <span class='ocr_line' id='line_1_33' title="bbox 232 1525 968 1569; baseline -0.008 -11"><span class='ocrx_word' id='word_1_217' title='bbox 232 1540 336 1569; x_wconf 83' lang='lat' dir='ltr'>quoque</span> <span class='ocrx_word' id='word_1_218' title='bbox 352 1529 427 1568; x_wconf 83' lang='lat' dir='ltr'>ponit</span> <span class='ocrx_word' id='word_1_219' title='bbox 440 1538 502 1557; x_wconf 88' lang='lat' dir='ltr'>cum</span> <span class='ocrx_word' id='word_1_220' title='bbox 514 1526 577 1555; x_wconf 84' lang='lat' dir='ltr'>illis.</span> <span class='ocrx_word' id='word_1_221' title='bbox 594 1525 671 1554; x_wconf 70' lang='lat' dir='ltr'>sicut</span> <span class='ocrx_word' id='word_1_222' title='bbox 684 1525 766 1563; x_wconf 80' lang='lat' dir='ltr'>enim,</span> <span class='ocrx_word' id='word_1_223' title='bbox 778 1525 876 1563; x_wconf 80' lang='lat' dir='ltr'>inquit,</span> <span class='ocrx_word' id='word_1_224' title='bbox 889 1526 968 1553; x_wconf 87' lang='lat' dir='ltr'>Man-</span> 
     </span>
     <span class='ocr_line' id='line_1_34' title="bbox 231 1570 969 1614; baseline -0.007 -10"><span class='ocrx_word' id='word_1_225' title='bbox 231 1576 293 1604; x_wconf 87' lang='lat' dir='ltr'>data</span> <span class='ocrx_word' id='word_1_226' title='bbox 311 1583 496 1614; x_wconf 76' lang='lat' dir='ltr'>supergressus</span> <span class='ocrx_word' id='word_1_227' title='bbox 507 1582 582 1609; x_wconf 80' lang='lat' dir='ltr'>sum3</span> <span class='ocrx_word' id='word_1_228' title='bbox 594 1571 675 1609; x_wconf 85' lang='lat' dir='ltr'>idque</span> <span class='ocrx_word' id='word_1_229' title='bbox 689 1581 750 1599; x_wconf 91' lang='lat' dir='ltr'>cum</span> <span class='ocrx_word' id='word_1_230' title='bbox 763 1581 815 1599; x_wconf 91' lang='lat' dir='ltr'>non</span> <span class='ocrx_word' id='word_1_231' title='bbox 829 1570 886 1600; x_wconf 75' lang='lat' dir='ltr'>leve</span> <span class='ocrx_word' id='word_1_232' title='bbox 899 1571 969 1600; x_wconf 87' lang='lat' dir='ltr'>illud</span> 
     </span>
     <span class='ocr_line' id='line_1_35' title="bbox 231 1616 970 1660; baseline -0.007 -10"><span class='ocrx_word' id='word_1_233' title='bbox 231 1621 369 1660; x_wconf 86' lang='lat' dir='ltr'>negotium</span> <span class='ocrx_word' id='word_1_234' title='bbox 390 1626 456 1648; x_wconf 82' lang='lat' dir='ltr'>esset</span> <span class='ocrx_word' id='word_1_235' title='bbox 473 1619 599 1655; x_wconf 80' lang='lat' dir='ltr'>(omnia</span> <span class='ocrx_word' id='word_1_236' title='bbox 623 1616 708 1653; x_wconf 87' lang='lat' dir='ltr'>enim,</span> <span class='ocrx_word' id='word_1_237' title='bbox 727 1616 831 1654; x_wconf 81' lang='lat' dir='ltr'>inquit,</span> <span class='ocrx_word' id='word_1_238' title='bbox 846 1618 970 1645; x_wconf 83' lang='lat' dir='ltr'>sustine-</span> 
     </span>
     <span class='ocr_line' id='line_1_36' title="bbox 234 1662 969 1704; baseline -0.01 -7"><span class='ocrx_word' id='word_1_239' title='bbox 234 1671 317 1704; x_wconf 80' lang='lat' dir='ltr'>mus)</span> <span class='ocrx_word' id='word_1_240' title='bbox 328 1680 336 1695; x_wconf 88' lang='lat'><em>:</em></span> <span class='ocrx_word' id='word_1_241' title='bbox 349 1667 386 1696; x_wconf 91' lang='lat' dir='ltr'>ita</span> <span class='ocrx_word' id='word_1_242' title='bbox 403 1673 429 1695; x_wconf 85' lang='lat' dir='ltr'>et</span> <span class='ocrx_word' id='word_1_243' title='bbox 447 1675 518 1694; x_wconf 90' lang='lat' dir='ltr'>nunc</span> <span class='ocrx_word' id='word_1_244' title='bbox 533 1663 650 1692; x_wconf 88' lang='lat' dir='ltr'>multum</span> <span class='ocrx_word' id='word_1_245' title='bbox 663 1662 779 1691; x_wconf 82' lang='lat' dir='ltr'>sustineo</span> <span class='ocrx_word' id='word_1_246' title='bbox 796 1662 925 1697; x_wconf 82' lang='lat' dir='ltr'>laborem,</span> <span class='ocrx_word' id='word_1_247' title='bbox 940 1669 969 1691; x_wconf 84' lang='lat' dir='ltr'>ut</span> 
     </span>
     <span class='ocr_line' id='line_1_37' title="bbox 233 1708 969 1753; baseline -0.01 -10"><span class='ocrx_word' id='word_1_248' title='bbox 233 1720 408 1753; x_wconf 84' lang='lat' dir='ltr'>temperanter</span> <span class='ocrx_word' id='word_1_249' title='bbox 416 1712 516 1740; x_wconf 78' lang='lat' dir='ltr'>vivam.</span> <span class='ocrx_word' id='word_1_250' title='bbox 525 1710 595 1738; x_wconf 83' lang='lat' dir='ltr'>Nam</span> <span class='ocrx_word' id='word_1_251' title='bbox 605 1708 655 1738; x_wconf 85' lang='lat' dir='ltr'>etsi</span> <span class='ocrx_word' id='word_1_252' title='bbox 666 1719 718 1737; x_wconf 87' lang='lat' dir='ltr'>nun</span> <span class='ocrx_word' id='word_1_253' title='bbox 727 1708 804 1737; x_wconf 88' lang='lat' dir='ltr'>facile</span> <span class='ocrx_word' id='word_1_254' title='bbox 814 1708 913 1747; x_wconf 80' lang='lat' dir='ltr'>litigari</span> <span class='ocrx_word' id='word_1_255' title='bbox 923 1719 969 1748; x_wconf 65' lang='lat' dir='ltr'>po-</span> 
     </span>
     <span class='ocr_line' id='line_1_38' title="bbox 233 1754 967 1798; baseline -0.01 -9"><span class='ocrx_word' id='word_1_256' title='bbox 233 1767 282 1789; x_wconf 79' lang='lat' dir='ltr'>test</span> <span class='ocrx_word' id='word_1_257' title='bbox 297 1770 357 1788; x_wconf 91' lang='lat' dir='ltr'>cum</span> <span class='ocrx_word' id='word_1_258' title='bbox 372 1757 517 1798; x_wconf 85' lang='lat' dir='ltr'>cupiditate</span> <span class='ocrx_word' id='word_1_259' title='bbox 531 1763 556 1784; x_wconf 89' lang='lat' dir='ltr'>et</span> <span class='ocrx_word' id='word_1_260' title='bbox 567 1755 668 1784; x_wconf 75' lang='lat' dir='ltr'>ventris</span> <span class='ocrx_word' id='word_1_261' title='bbox 681 1754 838 1794; x_wconf 81' lang='lat' dir='ltr'>tyrannide,</span> <span class='ocrx_word' id='word_1_262' title='bbox 851 1761 967 1783; x_wconf 83' lang='lat' dir='ltr'>attamen</span> 
     </span>
     <span class='ocr_line' id='line_1_39' title="bbox 232 1800 967 1846; baseline -0.008 -11"><span class='ocrx_word' id='word_1_263' title='bbox 232 1807 320 1846; x_wconf 82' lang='lat' dir='ltr'>ipsam</span> <span class='ocrx_word' id='word_1_264' title='bbox 339 1805 451 1840; x_wconf 77' lang='lat' dir='ltr'>refreno,</span> <span class='ocrx_word' id='word_1_265' title='bbox 461 1814 509 1832; x_wconf 83' lang='lat' dir='ltr'>nec</span> <span class='ocrx_word' id='word_1_266' title='bbox 531 1813 574 1830; x_wconf 88' lang='lat' dir='ltr'>me</span> <span class='ocrx_word' id='word_1_267' title='bbox 593 1801 616 1830; x_wconf 83' lang='lat' dir='ltr'>ci</span> <span class='ocrx_word' id='word_1_268' title='bbox 641 1800 709 1829; x_wconf 83' lang='lat' dir='ltr'>dedo</span> <span class='ocrx_word' id='word_1_269' title='bbox 732 1800 896 1839; x_wconf 66' lang='lat' dir='ltr'>aegritudini,</span> <span class='ocrx_word' id='word_1_270' title='bbox 921 1800 967 1830; x_wconf 88' lang='lat' dir='ltr'>sed</span> 
     </span>
     <span class='ocr_line' id='line_1_40' title="bbox 233 1846 946 1884; baseline -0.013 -2"><span class='ocrx_word' id='word_1_271' title='bbox 233 1863 338 1882; x_wconf 87' lang='lat' dir='ltr'>omnem</span> <span class='ocrx_word' id='word_1_272' title='bbox 351 1851 432 1880; x_wconf 86' lang='lat' dir='ltr'>subeo</span> <span class='ocrx_word' id='word_1_273' title='bbox 445 1849 563 1878; x_wconf 82' lang='lat' dir='ltr'>laborem</span> <span class='ocrx_word' id='word_1_274' title='bbox 573 1871 580 1884; x_wconf 95' lang='lat'>‚</span> <span class='ocrx_word' id='word_1_275' title='bbox 594 1855 624 1876; x_wconf 89' lang='lat' dir='ltr'>ut</span> <span class='ocrx_word' id='word_1_276' title='bbox 638 1857 671 1875; x_wconf 87' lang='lat' dir='ltr'>ne</span> <span class='ocrx_word' id='word_1_277' title='bbox 685 1847 719 1875; x_wconf 90' lang='lat' dir='ltr'>ab</span> <span class='ocrx_word' id='word_1_278' title='bbox 733 1846 781 1874; x_wconf 81' lang='lat' dir='ltr'>illa</span> <span class='ocrx_word' id='word_1_279' title='bbox 797 1846 946 1875; x_wconf 79' lang='lat' dir='ltr'>abstrahar,</span> 
     </span>
     <span class='ocr_line' id='line_1_41' title="bbox 271 1892 965 1935; baseline -0.013 -7"><span class='ocrx_word' id='word_1_280' title='bbox 271 1901 307 1928; x_wconf 60' lang='lat' dir='ltr'>Q.</span> <span class='ocrx_word' id='word_1_281' title='bbox 332 1898 374 1926; x_wconf 88' lang='lat' dir='ltr'>Ne</span> <span class='ocrx_word' id='word_1_282' title='bbox 392 1896 463 1925; x_wconf 87' lang='lat' dir='ltr'>enim</span> <span class='ocrx_word' id='word_1_283' title='bbox 486 1894 584 1935; x_wconf 80' lang='lat' dir='ltr'>putetis</span> <span class='ocrx_word' id='word_1_284' title='bbox 606 1903 650 1922; x_wconf 88' lang='lat' dir='ltr'>me</span> <span class='ocrx_word' id='word_1_285' title='bbox 671 1892 772 1930; x_wconf 84' lang='lat' dir='ltr'>absque</span> <span class='ocrx_word' id='word_1_286' title='bbox 786 1892 892 1931; x_wconf 85' lang='lat' dir='ltr'>negotio</span> <span class='ocrx_word' id='word_1_287' title='bbox 914 1892 965 1921; x_wconf 84' lang='lat' dir='ltr'>hoc</span> 
     </span>
     <span class='ocr_line' id='line_1_42' title="bbox 231 1938 966 1985; baseline -0.01 -12"><span class='ocrx_word' id='word_1_288' title='bbox 231 1953 366 1985; x_wconf 63' lang='lat' dir='ltr'>praestare.</span> <span class='ocrx_word' id='word_1_289' title='bbox 388 1944 457 1972; x_wconf 78' lang='lat' dir='ltr'>Nam</span> <span class='ocrx_word' id='word_1_290' title='bbox 479 1951 573 1971; x_wconf 84' lang='lat' dir='ltr'>cursus</span> <span class='ocrx_word' id='word_1_291' title='bbox 595 1946 671 1968; x_wconf 85' lang='lat' dir='ltr'>estet</span> <span class='ocrx_word' id='word_1_292' title='bbox 685 1938 853 1978; x_wconf 82' lang='lat' dir='ltr'>pancratium</span> <span class='ocrx_word' id='word_1_293' title='bbox 873 1945 899 1967; x_wconf 82' lang='lat' dir='ltr'>et</span> <span class='ocrx_word' id='word_1_294' title='bbox 917 1949 966 1967; x_wconf 88' lang='lat' dir='ltr'>na-</span> 
     </span>
     <span class='ocr_line' id='line_1_43' title="bbox 229 1984 964 2031; baseline -0.012 -10"><span class='ocrx_word' id='word_1_295' title='bbox 229 2001 297 2021; x_wconf 79' lang='lat' dir='ltr'>turae</span> <span class='ocrx_word' id='word_1_296' title='bbox 314 1990 434 2031; x_wconf 82' lang='lat' dir='ltr'>tyrannis</span> <span class='ocrx_word' id='word_1_297' title='bbox 454 1990 601 2027; x_wconf 87' lang='lat' dir='ltr'>frequenter</span> <span class='ocrx_word' id='word_1_298' title='bbox 617 1986 763 2024; x_wconf 83' lang='lat' dir='ltr'>insurgens,</span> <span class='ocrx_word' id='word_1_299' title='bbox 774 1991 804 2013; x_wconf 87' lang='lat' dir='ltr'>ut</span> <span class='ocrx_word' id='word_1_300' title='bbox 816 1984 964 2014; x_wconf 75' lang='lat' dir='ltr'>libertatem</span> 
     </span>
     <span class='ocr_line' id='line_1_44' title="bbox 231 2031 965 2077; baseline -0.01 -9"><span class='ocrx_word' id='word_1_301' title='bbox 231 2045 385 2077; x_wconf 79' lang='lat' dir='ltr'>assequatur</span> <span class='ocrx_word' id='word_1_302' title='bbox 397 2049 404 2065; x_wconf 72' lang='grc' dir='ltr'>τ</span> <span class='ocrx_word' id='word_1_303' title='bbox 422 2043 449 2065; x_wconf 85' lang='lat' dir='ltr'>at</span> <span class='ocrx_word' id='word_1_304' title='bbox 472 2036 547 2064; x_wconf 82' lang='lat' dir='ltr'>illam</span> <span class='ocrx_word' id='word_1_305' title='bbox 565 2044 617 2062; x_wconf 92' lang='lat' dir='ltr'>non</span> <span class='ocrx_word' id='word_1_306' title='bbox 643 2033 710 2069; x_wconf 76' lang='lat' dir='ltr'>fem,</span> <span class='ocrx_word' id='word_1_307' title='bbox 738 2031 785 2060; x_wconf 85' lang='lat' dir='ltr'>sed</span> <span class='ocrx_word' id='word_1_308' title='bbox 808 2042 914 2060; x_wconf 86' lang='lat' dir='ltr'>coerceo</span> <span class='ocrx_word' id='word_1_309' title='bbox 939 2039 965 2061; x_wconf 86' lang='lat' dir='ltr'>et</span> 
     </span>
     <span class='ocr_line' id='line_1_45' title="bbox 232 2077 962 2118; baseline -0.011 -4"><span class='ocrx_word' id='word_1_310' title='bbox 232 2096 293 2114; x_wconf 83' lang='lat' dir='ltr'>cum</span> <span class='ocrx_word' id='word_1_311' title='bbox 314 2083 406 2112; x_wconf 82' lang='lat' dir='ltr'>multis</span> <span class='ocrx_word' id='word_1_312' title='bbox 427 2081 568 2111; x_wconf 88' lang='lat' dir='ltr'>sudoribus</span> <span class='ocrx_word' id='word_1_313' title='bbox 582 2079 686 2118; x_wconf 77' lang='lat' dir='ltr'>subigo.</span> <span class='ocrx_word' id='word_1_314' title='bbox 717 2077 780 2108; x_wconf 78' lang='lat' dir='ltr'>flaec</span> <span class='ocrx_word' id='word_1_315' title='bbox 793 2088 874 2118; x_wconf 88' lang='lat' dir='ltr'>porro</span> <span class='ocrx_word' id='word_1_316' title='bbox 887 2077 962 2114; x_wconf 81' lang='lat' dir='ltr'>dicit,</span> 
     </span>
     <span class='ocr_line' id='line_1_46' title="bbox 232 2125 966 2169; baseline -0.014 -7"><span class='ocrx_word' id='word_1_317' title='bbox 232 2140 261 2162; x_wconf 90' lang='lat' dir='ltr'>ut</span> <span class='ocrx_word' id='word_1_318' title='bbox 274 2142 351 2161; x_wconf 90' lang='lat' dir='ltr'>nemo</span> <span class='ocrx_word' id='word_1_319' title='bbox 366 2130 485 2169; x_wconf 87' lang='lat' dir='ltr'>desperet</span> <span class='ocrx_word' id='word_1_320' title='bbox 504 2128 531 2156; x_wconf 92' lang='lat' dir='ltr'>in</span> <span class='ocrx_word' id='word_1_321' title='bbox 544 2125 717 2166; x_wconf 83' lang='lat' dir='ltr'>suscipiendis</span> <span class='ocrx_word' id='word_1_322' title='bbox 735 2136 784 2165; x_wconf 88' lang='lat' dir='ltr'>pro</span> <span class='ocrx_word' id='word_1_323' title='bbox 798 2125 899 2154; x_wconf 71' lang='lat' dir='ltr'>virtute</span> <span class='ocrx_word' id='word_1_324' title='bbox 910 2135 966 2153; x_wconf 88' lang='lat' dir='ltr'>cer-</span> 
     </span>
     <span class='ocr_line' id='line_1_47' title="bbox 231 2170 1000 2215; baseline -0.014 -7"><span class='ocrx_word' id='word_1_325' title='bbox 231 2178 387 2214; x_wconf 83' lang='lat' dir='ltr'>taminibus,</span> <span class='ocrx_word' id='word_1_326' title='bbox 403 2175 464 2215; x_wconf 85' lang='lat' dir='ltr'>quia</span> <span class='ocrx_word' id='word_1_327' title='bbox 478 2173 608 2203; x_wconf 81' lang='lat' dir='ltr'>laboriosa</span> <span class='ocrx_word' id='word_1_328' title='bbox 630 2182 671 2200; x_wconf 93' lang='lat' dir='ltr'>res</span> <span class='ocrx_word' id='word_1_329' title='bbox 684 2178 739 2200; x_wconf 87' lang='lat' dir='ltr'>est:</span> <span class='ocrx_word' id='word_1_330' title='bbox 753 2181 833 2209; x_wconf 82' lang='lat' dir='ltr'>quare</span> <span class='ocrx_word' id='word_1_331' title='bbox 846 2170 894 2206; x_wconf 84' lang='lat' dir='ltr'>ait,</span> <span class='ocrx_word' id='word_1_332' title='bbox 909 2171 964 2199; x_wconf 79' lang='lat' dir='ltr'>Ca·</span> <span class='ocrx_word' id='word_1_333' title='bbox 983 2176 1000 2199; x_wconf 87' lang='lat' dir='ltr'><strong>c</strong></span> 
     </span>
     <span class='ocr_line' id='line_1_48' title="bbox 230 2216 965 2265; baseline -0.016 -10"><span class='ocrx_word' id='word_1_334' title='bbox 230 2228 304 2265; x_wconf 80' lang='lat' dir='ltr'>stigo</span> <span class='ocrx_word' id='word_1_335' title='bbox 314 2231 342 2253; x_wconf 85' lang='lat' dir='ltr'>et</span> <span class='ocrx_word' id='word_1_336' title='bbox 356 2226 388 2252; x_wconf 87' lang='lat' dir='ltr'>in</span> <span class='ocrx_word' id='word_1_337' title='bbox 399 2223 563 2252; x_wconf 81' lang='lat' dir='ltr'>servitutem</span> <span class='ocrx_word' id='word_1_338' title='bbox 583 2219 690 2257; x_wconf 78' lang='lat' dir='ltr'>redt&#39;gO.</span> <span class='ocrx_word' id='word_1_339' title='bbox 704 2218 764 2246; x_wconf 82' lang='lat' dir='ltr'>Non</span> <span class='ocrx_word' id='word_1_340' title='bbox 779 2216 862 2254; x_wconf 75' lang='lat' dir='ltr'>dixit,</span> <span class='ocrx_word' id='word_1_341' title='bbox 886 2216 965 2245; x_wconf 88' lang='lat' dir='ltr'>Occi-</span> 
     </span>
     <span class='ocr_line' id='line_1_49' title="bbox 231 2262 964 2309; baseline -0.016 -8"><span class='ocrx_word' id='word_1_342' title='bbox 231 2271 265 2300; x_wconf 88' lang='lat' dir='ltr'>do</span> <span class='ocrx_word' id='word_1_343' title='bbox 276 2281 360 2309; x_wconf 79' lang='lat' dir='ltr'>neque</span> <span class='ocrx_word' id='word_1_344' title='bbox 374 2267 457 2309; x_wconf 89' lang='lat' dir='ltr'>punio</span> <span class='ocrx_word' id='word_1_345' title='bbox 468 2279 476 2304; x_wconf 85' lang='lat'>;</span> <span class='ocrx_word' id='word_1_346' title='bbox 490 2276 543 2295; x_wconf 90' lang='lat' dir='ltr'>non</span> <span class='ocrx_word' id='word_1_347' title='bbox 561 2264 632 2293; x_wconf 90' lang='lat' dir='ltr'>enim</span> <span class='ocrx_word' id='word_1_348' title='bbox 645 2262 752 2292; x_wconf 85' lang='lat' dir='ltr'>inimica</span> <span class='ocrx_word' id='word_1_349' title='bbox 767 2269 806 2290; x_wconf 84' lang='lat' dir='ltr'>est</span> <span class='ocrx_word' id='word_1_350' title='bbox 814 2273 874 2291; x_wconf 87' lang='lat' dir='ltr'>caro</span> <span class='ocrx_word' id='word_1_351' title='bbox 887 2274 895 2299; x_wconf 89' lang='lat'>;</span> <span class='ocrx_word' id='word_1_352' title='bbox 909 2262 964 2298; x_wconf 84' lang='lat' dir='ltr'>sed,</span> 
     </span>
     <span class='ocr_line' id='line_1_50' title="bbox 232 2307 965 2356; baseline -0.014 -9"><span class='ocrx_word' id='word_1_353' title='bbox 232 2319 348 2356; x_wconf 79' lang='lat' dir='ltr'>Castigo</span> <span class='ocrx_word' id='word_1_354' title='bbox 360 2322 387 2344; x_wconf 78' lang='lat' dir='ltr'>et</span> <span class='ocrx_word' id='word_1_355' title='bbox 401 2317 432 2343; x_wconf 87' lang='lat' dir='ltr'>in</span> <span class='ocrx_word' id='word_1_356' title='bbox 452 2314 617 2342; x_wconf 79' lang='lat' dir='ltr'>servitutem</span> <span class='ocrx_word' id='word_1_357' title='bbox 632 2309 740 2347; x_wconf 80' lang='lat' dir='ltr'>redige,</span> <span class='ocrx_word' id='word_1_358' title='bbox 765 2307 837 2346; x_wconf 83' lang='lat' dir='ltr'>qnod</span> <span class='ocrx_word' id='word_1_359' title='bbox 862 2307 965 2337; x_wconf 86' lang='lat' dir='ltr'>domini</span> 
     </span>
     <span class='ocr_line' id='line_1_51' title="bbox 231 2353 963 2400; baseline -0.016 -7"><span class='ocrx_word' id='word_1_360' title='bbox 231 2371 278 2400; x_wconf 80' lang='lat' dir='ltr'>cst,</span> <span class='ocrx_word' id='word_1_361' title='bbox 293 2373 345 2392; x_wconf 92' lang='lat' dir='ltr'>non</span> <span class='ocrx_word' id='word_1_362' title='bbox 365 2360 484 2397; x_wconf 83' lang='lat' dir='ltr'>inimici;</span> <span class='ocrx_word' id='word_1_363' title='bbox 505 2356 631 2393; x_wconf 90' lang='lat' dir='ltr'>doctoris,</span> <span class='ocrx_word' id='word_1_364' title='bbox 659 2366 709 2384; x_wconf 89' lang='lat' dir='ltr'>non</span> <span class='ocrx_word' id='word_1_365' title='bbox 724 2354 824 2392; x_wconf 84' lang='lat' dir='ltr'>hostis;</span> <span class='ocrx_word' id='word_1_366' title='bbox 842 2353 963 2393; x_wconf 63' lang='lat' dir='ltr'>paedotri-</span> 
     </span>
    </p>
   </div>
   <div class='ocr_carea' id='block_1_6' title="bbox 998 470 1015 492">
    <p class='ocr_par' dir='ltr' id='par_1_8' title="bbox 998 470 1015 492">
     <span class='ocr_line' id='line_1_52' title="bbox 998 470 1015 492; baseline 0 0"><span class='ocrx_word' id='word_1_367' title='bbox 998 470 1015 492; x_wconf 73' lang='lat' dir='ltr'><strong>E</strong></span> 
     </span>
    </p>
   </div>
   <div class='ocr_carea' id='block_1_7' title="bbox 261 2468 975 2541">
    <p class='ocr_par' dir='ltr' id='par_1_9' title="bbox 261 2468 975 2541">
     <span class='ocr_line' id='line_1_53' title="bbox 261 2468 466 2503; baseline -0.02 -8"><span class='ocrx_word' id='word_1_368' title='bbox 261 2480 270 2489; x_wconf 69' lang='lat'>³¹</span> <span class='ocrx_word' id='word_1_369' title='bbox 289 2471 337 2503; x_wconf 75' lang='lat' dir='ltr'>[A.</span> <span class='ocrx_word' id='word_1_370' title='bbox 348 2468 466 2502; x_wconf 45' lang='grc' dir='ltr'>ἐρῶντας]</span> 
     </span>
     <span class='ocr_line' id='line_1_54' title="bbox 264 2502 975 2541; baseline -0.006 -8"><span class='ocrx_word' id='word_1_371' title='bbox 264 2512 274 2527; x_wconf 59' lang='grc' dir='ltr'>ὶν</span> <span class='ocrx_word' id='word_1_372' title='bbox 293 2509 351 2541; x_wconf 70' lang='lat' dir='ltr'>{Sic</span> <span class='ocrx_word' id='word_1_373' title='bbox 371 2513 436 2531; x_wconf 69' lang='lat' dir='ltr'>recte</span> <span class='ocrx_word' id='word_1_374' title='bbox 451 2507 480 2530; x_wconf 84' lang='grc' dir='ltr'>Α.</span> <span class='ocrx_word' id='word_1_375' title='bbox 495 2506 521 2529; x_wconf 83' lang='lat' dir='ltr'>B.</span> <span class='ocrx_word' id='word_1_376' title='bbox 534 2504 607 2535; x_wconf 66' lang='lat' dir='ltr'>Vutg.</span> <span class='ocrx_word' id='word_1_377' title='bbox 628 2505 672 2528; x_wconf 62' lang='lat' dir='ltr'>id„</span> <span class='ocrx_word' id='word_1_378' title='bbox 691 2502 771 2534; x_wconf 67' lang='lat' dir='ltr'>Supra</span> <span class='ocrx_word' id='word_1_379' title='bbox 791 2510 835 2532; x_wconf 83' lang='lat' dir='ltr'>pro</span> <span class='ocrx_word' id='word_1_380' title='bbox 854 2502 975 2529; x_wconf 65' lang='grc' dir='ltr'>ὗυεένῦετοε</span> 
     </span>
    </p>
   </div>
   <div class='ocr_carea' id='block_1_8' title="bbox 230 2541 974 2576">
    <p class='ocr_par' dir='ltr' id='par_1_10' title="bbox 230 2541 974 2576">
     <span class='ocr_line' id='line_1_55' title="bbox 230 2541 974 2576; baseline -0.013 -2"><span class='ocrx_word' id='word_1_381' title='bbox 230 2552 325 2574; x_wconf 75' lang='lat' dir='ltr'>Cormn</span> <span class='ocrx_word' id='word_1_382' title='bbox 341 2553 364 2571; x_wconf 83' lang='lat' dir='ltr'>et</span> <span class='ocrx_word' id='word_1_383' title='bbox 374 2555 450 2574; x_wconf 57' lang='lat' dir='ltr'>mam.</span> <span class='ocrx_word' id='word_1_384' title='bbox 465 2542 739 2576; x_wconf 54' lang='lat' dir='ltr'>Savil.130=e&#39;p‹m‚-Mox</span> <span class='ocrx_word' id='word_1_385' title='bbox 754 2541 779 2566; x_wconf 88' lang='grc' dir='ltr'>Α.</span> <span class='ocrx_word' id='word_1_386' title='bbox 795 2545 898 2571; x_wconf 36' lang='lat' dir='ltr'>&#39;wewam</span> <span class='ocrx_word' id='word_1_387' title='bbox 911 2545 974 2572; x_wconf 50' lang='lat'>“⁷2²⁸&#39;‘</span> 
     </span>
    </p>
   </div>
   <div class='ocr_carea' id='block_1_9' title="bbox 1014 173 1168 195">
    <p class='ocr_par' dir='ltr' id='par_1_11' title="bbox 1014 173 1168 195">
     <span class='ocr_line' id='line_1_56' title="bbox 1014 173 1168 195; baseline 0 0"><span class='ocrx_word' id='word_1_388' title='bbox 1014 173 1168 195; x_wconf 70' lang='lat' dir='ltr'>Ancntffl‘.</span> 
     </span>
    </p>
   </div>
   <div class='ocr_carea' id='block_1_10' title="bbox 1197 174 1465 196">
    <p class='ocr_par' dir='ltr' id='par_1_12' title="bbox 1197 174 1465 196">
     <span class='ocr_line' id='line_1_57' title="bbox 1197 174 1465 196; baseline 0 -1"><span class='ocrx_word' id='word_1_389' title='bbox 1197 174 1259 196; x_wconf 75' lang='lat' dir='ltr'>CON</span> <span class='ocrx_word' id='word_1_390' title='bbox 1265 174 1451 196; x_wconf 71' lang='lat' dir='ltr'>STANTINOP</span> <span class='ocrx_word' id='word_1_391' title='bbox 1459 189 1465 195; x_wconf 92' lang='lat'>.</span> 
     </span>
    </p>
   </div>
   <div class='ocr_carea' id='block_1_11' title="bbox 1023 234 1836 1698">
    <p class='ocr_par' dir='ltr' id='par_1_13' title="bbox 1023 234 1836 1698">
     <span class='ocr_line' id='line_1_58' title="bbox 1039 234 1800 273; baseline 0.001 -11"><span class='ocrx_word' id='word_1_392' title='bbox 1039 234 1097 262; x_wconf 74' lang='grc' dir='ltr'>οὔτε</span> <span class='ocrx_word' id='word_1_393' title='bbox 1118 234 1162 263; x_wconf 78' lang='grc' dir='ltr'>ἐὰν</span> <span class='ocrx_word' id='word_1_394' title='bbox 1185 234 1222 272; x_wconf 78' lang='grc' dir='ltr'>μὴ</span> <span class='ocrx_word' id='word_1_395' title='bbox 1238 234 1340 273; x_wconf 68' lang='grc' dir='ltr'>φάγῃς,</span> <span class='ocrx_word' id='word_1_396' title='bbox 1360 236 1463 273; x_wconf 63' lang='grc' dir='ltr'>ὕστερ’-ᾖ.</span> <span class='ocrx_word' id='word_1_397' title='bbox 1477 235 1579 263; x_wconf 76' lang='grc' dir='ltr'>Οὐκοῦν</span> <span class='ocrx_word' id='word_1_398' title='bbox 1598 234 1686 268; x_wconf 82' lang='grc' dir='ltr'>ἁπλῶς</span> <span class='ocrx_word' id='word_1_399' title='bbox 1700 234 1744 263; x_wconf 83' lang='grc' dir='ltr'>καὶ</span> <span class='ocrx_word' id='word_1_400' title='bbox 1765 236 1800 267; x_wconf 84' lang='grc' dir='ltr'>ὡς</span> 
     </span>
     <span class='ocr_line' id='line_1_59' title="bbox 1039 279 1800 319; baseline 0.001 -11"><span class='ocrx_word' id='word_1_401' title='bbox 1039 280 1115 319; x_wconf 72' lang='grc' dir='ltr'>ἔτυχε</span> <span class='ocrx_word' id='word_1_402' title='bbox 1129 279 1244 318; x_wconf 75' lang='grc' dir='ltr'>τρέχεις·</span> <span class='ocrx_word' id='word_1_403' title='bbox 1267 282 1342 308; x_wconf 73' lang='grc' dir='ltr'>τοῦτο</span> <span class='ocrx_word' id='word_1_404' title='bbox 1356 279 1406 318; x_wconf 82' lang='grc' dir='ltr'>γάρ</span> <span class='ocrx_word' id='word_1_405' title='bbox 1420 281 1500 315; x_wconf 81' lang='grc' dir='ltr'>ἐστιν,</span> <span class='ocrx_word' id='word_1_406' title='bbox 1515 279 1637 315; x_wconf 75' lang='grc' dir='ltr'>Ἀδήλως.</span> <span class='ocrx_word' id='word_1_407' title='bbox 1651 279 1731 309; x_wconf 73' lang='grc' dir='ltr'>Οὕτω</span> <span class='ocrx_word' id='word_1_408' title='bbox 1750 292 1800 309; x_wconf 81' lang='grc' dir='ltr'>πυ-</span> 
     </span>
     <span class='ocr_line' id='line_1_60' title="bbox 1038 325 1798 366; baseline 0 -12"><span class='ocrx_word' id='word_1_409' title='bbox 1038 326 1132 362; x_wconf 77' lang='grc' dir='ltr'>κτεύω,</span> <span class='ocrx_word' id='word_1_410' title='bbox 1145 328 1180 358; x_wconf 83' lang='grc' dir='ltr'>ὡς</span> <span class='ocrx_word' id='word_1_411' title='bbox 1189 327 1235 354; x_wconf 77' lang='grc' dir='ltr'>οὐκ</span> <span class='ocrx_word' id='word_1_412' title='bbox 1246 325 1310 366; x_wconf 75' lang='grc' dir='ltr'>ἀέρα</span> <span class='ocrx_word' id='word_1_413' title='bbox 1322 325 1411 365; x_wconf 78' lang='grc' dir='ltr'>δέρων.</span> <span class='ocrx_word' id='word_1_414' title='bbox 1428 326 1513 355; x_wconf 76' lang='grc' dir='ltr'>Πάλιν</span> <span class='ocrx_word' id='word_1_415' title='bbox 1525 326 1554 356; x_wconf 78' lang='grc' dir='ltr'>τὸ</span> <span class='ocrx_word' id='word_1_416' title='bbox 1563 328 1608 356; x_wconf 74' lang='grc' dir='ltr'>οὔκ</span> <span class='ocrx_word' id='word_1_417' title='bbox 1619 328 1675 365; x_wconf 77' lang='grc' dir='ltr'>εἰκῇ</span> <span class='ocrx_word' id='word_1_418' title='bbox 1692 325 1737 355; x_wconf 75' lang='grc' dir='ltr'>καὶ</span> <span class='ocrx_word' id='word_1_419' title='bbox 1746 325 1798 365; x_wconf 81' lang='grc' dir='ltr'>μοί-</span> 
     </span>
     <span class='ocr_line' id='line_1_61' title="bbox 1037 371 1797 412; baseline 0.001 -12"><span class='ocrx_word' id='word_1_420' title='bbox 1037 383 1084 407; x_wconf 66' lang='grc' dir='ltr'>την</span> <span class='ocrx_word' id='word_1_421' title='bbox 1096 372 1270 409; x_wconf 77' lang='grc' dir='ltr'>αἰνιττόμενος</span> <span class='ocrx_word' id='word_1_422' title='bbox 1280 394 1288 407; x_wconf 91' lang='grc'>,</span> <span class='ocrx_word' id='word_1_423' title='bbox 1310 371 1385 401; x_wconf 73' lang='grc' dir='ltr'>τοῦτο’</span> <span class='ocrx_word' id='word_1_424' title='bbox 1394 384 1471 411; x_wconf 76' lang='grc' dir='ltr'>φησιν</span> <span class='ocrx_word' id='word_1_425' title='bbox 1481 384 1487 389; x_wconf 94' lang='grc'>·</span> <span class='ocrx_word' id='word_1_426' title='bbox 1500 371 1554 412; x_wconf 80' lang='grc' dir='ltr'>ἔχω</span> <span class='ocrx_word' id='word_1_427' title='bbox 1576 372 1627 412; x_wconf 79' lang='grc' dir='ltr'>γὰρ</span> <span class='ocrx_word' id='word_1_428' title='bbox 1647 372 1675 401; x_wconf 86' lang='grc' dir='ltr'>ὃν</span> <span class='ocrx_word' id='word_1_429' title='bbox 1695 371 1797 407; x_wconf 80' lang='grc' dir='ltr'>πλήξω,</span> 
     </span>
     <span class='ocr_line' id='line_1_62' title="bbox 1035 411 1836 453; baseline 0 -7"><span class='ocrx_word' id='word_1_430' title='bbox 1035 417 1164 453; x_wconf 79' lang='grc' dir='ltr'>τουτέστι,</span> <span class='ocrx_word' id='word_1_431' title='bbox 1178 417 1222 446; x_wconf 82' lang='grc' dir='ltr'>τὸν</span> <span class='ocrx_word' id='word_1_432' title='bbox 1232 417 1359 447; x_wconf 66' lang='grc' dir='ltr'>διάέολον·</span> <span class='ocrx_word' id='word_1_433' title='bbox 1369 417 1399 446; x_wconf 80' lang='grc' dir='ltr'>σὺ</span> <span class='ocrx_word' id='word_1_434' title='bbox 1412 417 1439 448; x_wconf 79' lang='grc' dir='ltr'>δὲ</span> <span class='ocrx_word' id='word_1_435' title='bbox 1448 419 1523 447; x_wconf 77' lang='grc' dir='ltr'>αὑτὸν</span> <span class='ocrx_word' id='word_1_436' title='bbox 1541 419 1569 447; x_wconf 78' lang='grc' dir='ltr'>οὗ</span> <span class='ocrx_word' id='word_1_437' title='bbox 1582 418 1714 453; x_wconf 76' lang='grc' dir='ltr'>πλήττεις,</span> <span class='ocrx_word' id='word_1_438' title='bbox 1729 417 1798 447; x_wconf 82' lang='grc' dir='ltr'>ἀλλὰ</span> <span class='ocrx_word' id='word_1_439' title='bbox 1833 411 1836 414; x_wconf 37' lang='grc'><strong>”</strong></span> 
     </span>
     <span class='ocr_line' id='line_1_63' title="bbox 1035 459 1796 504; baseline 0.001 -12"><span class='ocrx_word' id='word_1_440' title='bbox 1035 463 1080 492; x_wconf 82' lang='grc' dir='ltr'>καὶ</span> <span class='ocrx_word' id='word_1_441' title='bbox 1090 463 1180 497; x_wconf 81' lang='grc' dir='ltr'>ἁπλῶς</span> <span class='ocrx_word' id='word_1_442' title='bbox 1191 462 1289 503; x_wconf 77' lang='grc' dir='ltr'>ἐκχέεις</span> <span class='ocrx_word' id='word_1_443' title='bbox 1295 468 1389 493; x_wconf 72' lang='grc' dir='ltr'>σαυτοῦ</span> <span class='ocrx_word' id='word_1_444' title='bbox 1399 464 1446 500; x_wconf 69' lang='grc' dir='ltr'>τὴν</span> <span class='ocrx_word' id='word_1_445' title='bbox 1459 464 1623 504; x_wconf 55' lang='grc' dir='ltr'>ἰσχύιΤέως</span> <span class='ocrx_word' id='word_1_446' title='bbox 1633 464 1680 502; x_wconf 75' lang='grc' dir='ltr'>μὲν</span> <span class='ocrx_word' id='word_1_447' title='bbox 1690 459 1734 493; x_wconf 64' lang='grc' dir='ltr'>οὖν</span> <span class='ocrx_word' id='word_1_448' title='bbox 1746 466 1796 493; x_wconf 81' lang='grc' dir='ltr'>αὗ-</span> 
     </span>
     <span class='ocr_line' id='line_1_64' title="bbox 1033 509 1798 550; baseline 0.003 -12"><span class='ocrx_word' id='word_1_449' title='bbox 1033 509 1091 543; x_wconf 72' lang='grc' dir='ltr'>τοὺς</span> <span class='ocrx_word' id='word_1_450' title='bbox 1102 509 1292 545; x_wconf 76' lang='grc' dir='ltr'>διαὸαστάζων,</span> <span class='ocrx_word' id='word_1_451' title='bbox 1305 509 1372 539; x_wconf 77' lang='grc' dir='ltr'>οὕτω</span> <span class='ocrx_word' id='word_1_452' title='bbox 1383 510 1587 549; x_wconf 77' lang='grc' dir='ltr'>φησίν.Ἔπειδὴ</span> <span class='ocrx_word' id='word_1_453' title='bbox 1599 511 1650 550; x_wconf 82' lang='grc' dir='ltr'>γὰρ</span> <span class='ocrx_word' id='word_1_454' title='bbox 1663 510 1798 550; x_wconf 70' lang='grc' dir='ltr'>σφοδροτέ-</span> 
     </span>
     <span class='ocr_line' id='line_1_65' title="bbox 1034 555 1796 596; baseline 0.001 -13"><span class='ocrx_word' id='word_1_455' title='bbox 1034 567 1084 593; x_wconf 87' lang='grc' dir='ltr'>ρως</span> <span class='ocrx_word' id='word_1_456' title='bbox 1094 557 1179 588; x_wconf 80' lang='grc' dir='ltr'>αὐτοῖς</span> <span class='ocrx_word' id='word_1_457' title='bbox 1190 555 1321 596; x_wconf 76' lang='grc' dir='ltr'>ἐχρήσατο</span> <span class='ocrx_word' id='word_1_458' title='bbox 1331 557 1359 584; x_wconf 78' lang='grc' dir='ltr'>ἓν</span> <span class='ocrx_word' id='word_1_459' title='bbox 1370 561 1422 589; x_wconf 86' lang='grc' dir='ltr'>τοῖς</span> <span class='ocrx_word' id='word_1_460' title='bbox 1434 557 1587 596; x_wconf 84' lang='grc' dir='ltr'>ἔμπροσθεν,</span> <span class='ocrx_word' id='word_1_461' title='bbox 1595 556 1674 586; x_wconf 81' lang='grc' dir='ltr'>πάλιν</span> <span class='ocrx_word' id='word_1_462' title='bbox 1688 555 1796 596; x_wconf 77' lang='grc' dir='ltr'>κατέχει</span> 
     </span>
     <span class='ocr_line' id='line_1_66' title="bbox 1033 601 1795 641; baseline 0 -11"><span class='ocrx_word' id='word_1_463' title='bbox 1033 601 1079 637; x_wconf 75' lang='grc' dir='ltr'>τὴν</span> <span class='ocrx_word' id='word_1_464' title='bbox 1090 601 1251 640; x_wconf 76' lang='grc' dir='ltr'>ἐπιτίμησιν,</span> <span class='ocrx_word' id='word_1_465' title='bbox 1262 603 1300 640; x_wconf 84' lang='grc' dir='ltr'>τῷ</span> <span class='ocrx_word' id='word_1_466' title='bbox 1310 602 1379 631; x_wconf 76' lang='grc' dir='ltr'>τέλει</span> <span class='ocrx_word' id='word_1_467' title='bbox 1387 605 1431 631; x_wconf 74' lang='grc' dir='ltr'>τοῦ</span> <span class='ocrx_word' id='word_1_468' title='bbox 1442 602 1518 641; x_wconf 88' lang='grc' dir='ltr'>λόγου</span> <span class='ocrx_word' id='word_1_469' title='bbox 1531 603 1616 641; x_wconf 83' lang='grc' dir='ltr'>τηρῶν</span> <span class='ocrx_word' id='word_1_470' title='bbox 1627 601 1675 638; x_wconf 82' lang='grc' dir='ltr'>τὴν</span> <span class='ocrx_word' id='word_1_471' title='bbox 1687 603 1795 640; x_wconf 87' lang='grc' dir='ltr'>βαθεῖαν</span> 
     </span>
     <span class='ocr_line' id='line_1_67' title="bbox 1032 647 1794 688; baseline 0 -12"><span class='ocrx_word' id='word_1_472' title='bbox 1032 647 1125 685; x_wconf 78' lang='grc' dir='ltr'>τομήν.</span> <span class='ocrx_word' id='word_1_473' title='bbox 1137 648 1267 676; x_wconf 73' lang='grc' dir='ltr'>Ἐνταῦθα</span> <span class='ocrx_word' id='word_1_474' title='bbox 1282 647 1328 685; x_wconf 77' lang='grc' dir='ltr'>μὲν</span> <span class='ocrx_word' id='word_1_475' title='bbox 1341 648 1392 688; x_wconf 80' lang='grc' dir='ltr'>γάρ</span> <span class='ocrx_word' id='word_1_476' title='bbox 1404 660 1491 687; x_wconf 69' lang='grc' dir='ltr'>φησιν,</span> <span class='ocrx_word' id='word_1_477' title='bbox 1511 647 1551 676; x_wconf 81' lang='grc' dir='ltr'>ὅτι</span> <span class='ocrx_word' id='word_1_478' title='bbox 1567 649 1623 687; x_wconf 78' lang='grc' dir='ltr'>εἷκῇ</span> <span class='ocrx_word' id='word_1_479' title='bbox 1645 647 1692 676; x_wconf 76' lang='grc' dir='ltr'>καὶ</span> <span class='ocrx_word' id='word_1_480' title='bbox 1708 647 1794 686; x_wconf 80' lang='grc' dir='ltr'>μάτην</span> 
     </span>
     <span class='ocr_line' id='line_1_68' title="bbox 1031 692 1794 733; baseline 0.001 -12"><span class='ocrx_word' id='word_1_481' title='bbox 1031 696 1148 722; x_wconf 81' lang='grc' dir='ltr'>ποιοῦσιν</span> <span class='ocrx_word' id='word_1_482' title='bbox 1159 706 1165 711; x_wconf 90' lang='grc'><em>·</em></span> <span class='ocrx_word' id='word_1_483' title='bbox 1182 693 1288 733; x_wconf 73' lang='grc' dir='ltr'>ὕστερον</span> <span class='ocrx_word' id='word_1_484' title='bbox 1307 693 1334 722; x_wconf 78' lang='grc' dir='ltr'>δὲ</span> <span class='ocrx_word' id='word_1_485' title='bbox 1349 693 1486 728; x_wconf 83' lang='grc' dir='ltr'>δείκνυσιν,</span> <span class='ocrx_word' id='word_1_486' title='bbox 1511 694 1550 723; x_wconf 76' lang='grc' dir='ltr'>ὅτι</span> <span class='ocrx_word' id='word_1_487' title='bbox 1573 693 1618 722; x_wconf 76' lang='grc' dir='ltr'>καὶ</span> <span class='ocrx_word' id='word_1_488' title='bbox 1638 695 1679 723; x_wconf 79' lang='grc' dir='ltr'>ἐπ’</span> <span class='ocrx_word' id='word_1_489' title='bbox 1696 692 1794 733; x_wconf 76' lang='grc' dir='ltr'>ὀλέθρῳ</span> 
     </span>
     <span class='ocr_line' id='line_1_69' title="bbox 1031 738 1795 779; baseline 0 -11"><span class='ocrx_word' id='word_1_490' title='bbox 1031 740 1121 778; x_wconf 82' lang='grc' dir='ltr'>πολλῷ</span> <span class='ocrx_word' id='word_1_491' title='bbox 1143 741 1190 773; x_wconf 73' lang='grc' dir='ltr'>τῆς</span> <span class='ocrx_word' id='word_1_492' title='bbox 1207 741 1305 768; x_wconf 77' lang='grc' dir='ltr'>ἑαυτῶν</span> <span class='ocrx_word' id='word_1_493' title='bbox 1327 741 1458 779; x_wconf 74' lang='grc' dir='ltr'>κεφαλῆς,</span> <span class='ocrx_word' id='word_1_494' title='bbox 1473 739 1518 768; x_wconf 79' lang='grc' dir='ltr'>καὶ</span> <span class='ocrx_word' id='word_1_495' title='bbox 1533 739 1573 768; x_wconf 78' lang='grc' dir='ltr'>ὅτι</span> <span class='ocrx_word' id='word_1_496' title='bbox 1591 738 1637 768; x_wconf 82' lang='grc' dir='ltr'>καὶ</span> <span class='ocrx_word' id='word_1_497' title='bbox 1654 738 1737 779; x_wconf 72' lang='grc' dir='ltr'>χωρὶς</span> <span class='ocrx_word' id='word_1_498' title='bbox 1748 741 1795 775; x_wconf 72' lang='grc' dir='ltr'>τῆς</span> 
     </span>
     <span class='ocr_line' id='line_1_70' title="bbox 1033 784 1794 825; baseline 0.003 -13"><span class='ocrx_word' id='word_1_499' title='bbox 1033 784 1134 823; x_wconf 70' lang='grc' dir='ltr'>βλάὲης</span> <span class='ocrx_word' id='word_1_500' title='bbox 1163 786 1214 813; x_wconf 81' lang='grc' dir='ltr'>τῶν</span> <span class='ocrx_word' id='word_1_501' title='bbox 1238 786 1365 825; x_wconf 69' lang='grc' dir='ltr'>ἀδελφῶν,</span> <span class='ocrx_word' id='word_1_502' title='bbox 1389 784 1446 814; x_wconf 77' lang='grc' dir='ltr'>οὐδὲ</span> <span class='ocrx_word' id='word_1_503' title='bbox 1468 785 1540 814; x_wconf 79' lang='grc' dir='ltr'>αὐτοὶ</span> <span class='ocrx_word' id='word_1_504' title='bbox 1559 784 1690 814; x_wconf 79' lang='grc' dir='ltr'>ἀνεύθυνοι</span> <span class='ocrx_word' id='word_1_505' title='bbox 1711 788 1794 815; x_wconf 79' lang='grc' dir='ltr'>ταῦτα</span> 
     </span>
     <span class='ocr_line' id='line_1_71' title="bbox 1030 829 1793 869; baseline 0.001 -10"><span class='ocrx_word' id='word_1_506' title='bbox 1030 832 1186 869; x_wconf 80' lang='grc' dir='ltr'>τολμῶντες.</span> <span class='ocrx_word' id='word_1_507' title='bbox 1197 831 1266 860; x_wconf 80' lang='grc' dir='ltr'>Ἀλλ’</span> <span class='ocrx_word' id='word_1_508' title='bbox 1279 831 1425 864; x_wconf 80' lang='grc' dir='ltr'>ὑπωπιάζω</span> <span class='ocrx_word' id='word_1_509' title='bbox 1440 843 1489 869; x_wconf 85' lang='grc' dir='ltr'>μου</span> <span class='ocrx_word' id='word_1_510' title='bbox 1508 831 1539 860; x_wconf 82' lang='grc' dir='ltr'>τὸ</span> <span class='ocrx_word' id='word_1_511' title='bbox 1553 832 1629 869; x_wconf 79' lang='grc' dir='ltr'>σῶμα</span> <span class='ocrx_word' id='word_1_512' title='bbox 1641 829 1687 859; x_wconf 82' lang='grc' dir='ltr'>καὶ</span> <span class='ocrx_word' id='word_1_513' title='bbox 1701 831 1793 860; x_wconf 86' lang='grc' dir='ltr'>δουλα-</span> 
     </span>
     <span class='ocr_line' id='line_1_72' title="bbox 1029 877 1793 918; baseline 0 -12"><span class='ocrx_word' id='word_1_514' title='bbox 1029 879 1117 917; x_wconf 83' lang='grc' dir='ltr'>γωγῶ,</span> <span class='ocrx_word' id='word_1_515' title='bbox 1134 877 1170 915; x_wconf 82' lang='grc' dir='ltr'>μή</span> <span class='ocrx_word' id='word_1_516' title='bbox 1182 890 1237 911; x_wconf 86' lang='grc' dir='ltr'>πως</span> <span class='ocrx_word' id='word_1_517' title='bbox 1248 877 1336 911; x_wconf 78' lang='grc' dir='ltr'>ἄλλοις</span> <span class='ocrx_word' id='word_1_518' title='bbox 1346 877 1474 918; x_wconf 79' lang='grc' dir='ltr'>κηρύξας,</span> <span class='ocrx_word' id='word_1_519' title='bbox 1491 878 1565 910; x_wconf 73' lang='grc' dir='ltr'>αὐτὸς</span> <span class='ocrx_word' id='word_1_520' title='bbox 1577 877 1700 917; x_wconf 79' lang='grc' dir='ltr'>ἀδόκιμος</span> <span class='ocrx_word' id='word_1_521' title='bbox 1712 877 1793 917; x_wconf 79' lang='grc' dir='ltr'>γε’νω-</span> 
     </span>
     <span class='ocr_line' id='line_1_73' title="bbox 1031 923 1792 964; baseline 0.001 -12"><span class='ocrx_word' id='word_1_522' title='bbox 1031 935 1088 961; x_wconf 79' lang='grc' dir='ltr'>μαι.</span> <span class='ocrx_word' id='word_1_523' title='bbox 1105 923 1235 952; x_wconf 76' lang='grc' dir='ltr'>Ἐνταῦθα</span> <span class='ocrx_word' id='word_1_524' title='bbox 1254 924 1368 952; x_wconf 82' lang='grc' dir='ltr'>δείκνυσι</span> <span class='ocrx_word' id='word_1_525' title='bbox 1387 924 1431 952; x_wconf 86' lang='grc' dir='ltr'>καὶ</span> <span class='ocrx_word' id='word_1_526' title='bbox 1452 923 1503 952; x_wconf 78' lang='grc' dir='ltr'>ὑπὸ</span> <span class='ocrx_word' id='word_1_527' title='bbox 1523 923 1660 962; x_wconf 79' lang='grc' dir='ltr'>ἐπιθυμίας</span> <span class='ocrx_word' id='word_1_528' title='bbox 1681 923 1792 964; x_wconf 82' lang='grc' dir='ltr'>γαστρὸς</span> 
     </span>
     <span class='ocr_line' id='line_1_74' title="bbox 1028 969 1792 1008; baseline 0 -10"><span class='ocrx_word' id='word_1_529' title='bbox 1028 969 1218 1008; x_wconf 77' lang='grc' dir='ltr'>κατεχομένους</span> <span class='ocrx_word' id='word_1_530' title='bbox 1238 970 1284 998; x_wconf 80' lang='grc' dir='ltr'>καὶ</span> <span class='ocrx_word' id='word_1_531' title='bbox 1307 969 1446 1003; x_wconf 55' lang='grc' dir='ltr'>θάνιέντας</span> <span class='ocrx_word' id='word_1_532' title='bbox 1465 971 1530 1008; x_wconf 76' lang='grc' dir='ltr'>αὖτῇ</span> <span class='ocrx_word' id='word_1_533' title='bbox 1558 969 1605 1002; x_wconf 83' lang='grc' dir='ltr'>τὰς</span> <span class='ocrx_word' id='word_1_534' title='bbox 1626 969 1720 1006; x_wconf 86' lang='grc' dir='ltr'>ἡνίας,</span> <span class='ocrx_word' id='word_1_535' title='bbox 1745 969 1792 998; x_wconf 85' lang='grc' dir='ltr'>καὶ</span> 
     </span>
     <span class='ocr_line' id='line_1_75' title="bbox 1028 1015 1791 1056; baseline 0 -12"><span class='ocrx_word' id='word_1_536' title='bbox 1028 1015 1199 1055; x_wconf 79' lang='grc' dir='ltr'>προσχήματι</span> <span class='ocrx_word' id='word_1_537' title='bbox 1212 1015 1372 1051; x_wconf 80' lang='grc' dir='ltr'>τελειότητος</span> <span class='ocrx_word' id='word_1_538' title='bbox 1386 1016 1433 1051; x_wconf 78' lang='grc' dir='ltr'>τὴν</span> <span class='ocrx_word' id='word_1_539' title='bbox 1449 1015 1658 1056; x_wconf 82' lang='grc' dir='ltr'>γαστριμαργίαν</span> <span class='ocrx_word' id='word_1_540' title='bbox 1671 1015 1719 1052; x_wconf 79' lang='grc' dir='ltr'>τὴν</span> <span class='ocrx_word' id='word_1_541' title='bbox 1730 1016 1791 1044; x_wconf 70' lang='lat' dir='ltr'>{au-</span> 
     </span>
     <span class='ocr_line' id='line_1_76' title="bbox 1027 1061 1791 1100; baseline 0.001 -11"><span class='ocrx_word' id='word_1_542' title='bbox 1027 1063 1079 1089; x_wconf 86' lang='grc' dir='ltr'>τῶν</span> <span class='ocrx_word' id='word_1_543' title='bbox 1101 1063 1278 1100; x_wconf 72' lang='grc' dir='ltr'>πληροῦντας·</span> <span class='ocrx_word' id='word_1_544' title='bbox 1296 1062 1309 1091; x_wconf 82' lang='grc' dir='ltr'>ὃ</span> <span class='ocrx_word' id='word_1_545' title='bbox 1327 1062 1371 1090; x_wconf 87' lang='grc' dir='ltr'>καὶ</span> <span class='ocrx_word' id='word_1_546' title='bbox 1393 1062 1490 1091; x_wconf 84' lang='grc' dir='ltr'>ἄνωθεν</span> <span class='ocrx_word' id='word_1_547' title='bbox 1514 1061 1604 1090; x_wconf 79' lang='grc' dir='ltr'>ὤδινεν</span> <span class='ocrx_word' id='word_1_548' title='bbox 1629 1063 1721 1098; x_wconf 79' lang='grc' dir='ltr'>εἰπεῖν,</span> <span class='ocrx_word' id='word_1_549' title='bbox 1749 1061 1791 1090; x_wconf 70' lang='grc' dir='ltr'>ὅτε</span> 
     </span>
     <span class='ocr_line' id='line_1_77' title="bbox 1027 1107 1791 1147; baseline 0.001 -12"><span class='ocrx_word' id='word_1_550' title='bbox 1027 1107 1115 1146; x_wconf 81' lang='grc' dir='ltr'>ἔλεγε,</span> <span class='ocrx_word' id='word_1_551' title='bbox 1139 1109 1163 1136; x_wconf 90' lang='grc' dir='ltr'>Τ</span> <span class='ocrx_word' id='word_1_552' title='bbox 1165 1107 1182 1135; x_wconf 82' lang='grc' dir='ltr'>ὰ</span> <span class='ocrx_word' id='word_1_553' title='bbox 1205 1108 1333 1147; x_wconf 83' lang='grc' dir='ltr'>βρώματα</span> <span class='ocrx_word' id='word_1_554' title='bbox 1352 1110 1385 1147; x_wconf 76' lang='grc' dir='ltr'>τῇ</span> <span class='ocrx_word' id='word_1_555' title='bbox 1405 1108 1507 1147; x_wconf 78' lang='grc' dir='ltr'>κοιλίᾳ,</span> <span class='ocrx_word' id='word_1_556' title='bbox 1523 1109 1568 1136; x_wconf 86' lang='grc' dir='ltr'>καὶ</span> <span class='ocrx_word' id='word_1_557' title='bbox 1586 1110 1603 1144; x_wconf 81' lang='grc' dir='ltr'>ἡ</span> <span class='ocrx_word' id='word_1_558' title='bbox 1624 1107 1710 1137; x_wconf 84' lang='grc' dir='ltr'>κοιλία</span> <span class='ocrx_word' id='word_1_559' title='bbox 1736 1112 1791 1141; x_wconf 86' lang='grc' dir='ltr'>τοῖς</span> 
     </span>
     <span class='ocr_line' id='line_1_78' title="bbox 1028 1152 1791 1195; baseline -0.001 -12"><span class='ocrx_word' id='word_1_560' title='bbox 1028 1153 1285 1195; x_wconf 80' lang='grc' dir='ltr'>βρώμασιν.Ἐπειδὴ</span> <span class='ocrx_word' id='word_1_561' title='bbox 1298 1154 1348 1195; x_wconf 79' lang='grc' dir='ltr'>γὰρ</span> <span class='ocrx_word' id='word_1_562' title='bbox 1363 1155 1408 1183; x_wconf 80' lang='grc' dir='ltr'>καὶ</span> <span class='ocrx_word' id='word_1_563' title='bbox 1419 1154 1541 1193; x_wconf 80' lang='grc' dir='ltr'>πορνείαν</span> <span class='ocrx_word' id='word_1_564' title='bbox 1553 1153 1637 1194; x_wconf 76' lang='grc' dir='ltr'>τρυφὴ</span> <span class='ocrx_word' id='word_1_565' title='bbox 1652 1152 1731 1191; x_wconf 71' lang='grc' dir='ltr'>ποιεῖ,</span> <span class='ocrx_word' id='word_1_566' title='bbox 1744 1154 1791 1183; x_wconf 82' lang='grc' dir='ltr'>καὶ</span> 
     </span>
     <span class='ocr_line' id='line_1_79' title="bbox 1027 1200 1791 1240; baseline 0.001 -13"><span class='ocrx_word' id='word_1_567' title='bbox 1027 1200 1239 1240; x_wconf 72' lang='grc' dir='ltr'>εἰδωλολατρείαν</span> <span class='ocrx_word' id='word_1_568' title='bbox 1251 1204 1326 1230; x_wconf 72' lang='grc' dir='ltr'>τοῦτο</span> <span class='ocrx_word' id='word_1_569' title='bbox 1339 1201 1410 1230; x_wconf 80' lang='grc' dir='ltr'>ἔτεκε</span> <span class='ocrx_word' id='word_1_570' title='bbox 1419 1222 1427 1235; x_wconf 85' lang='grc'>,</span> <span class='ocrx_word' id='word_1_571' title='bbox 1442 1200 1548 1233; x_wconf 78' lang='grc' dir='ltr'>εἰκότως</span> <span class='ocrx_word' id='word_1_572' title='bbox 1567 1201 1700 1239; x_wconf 77' lang='grc' dir='ltr'>πολλαχοῦ</span> <span class='ocrx_word' id='word_1_573' title='bbox 1713 1202 1791 1228; x_wconf 86' lang='grc' dir='ltr'>καθι-</span> 
     </span>
     <span class='ocr_line' id='line_1_80' title="bbox 1025 1244 1791 1284; baseline 0.001 -11"><span class='ocrx_word' id='word_1_574' title='bbox 1025 1250 1125 1274; x_wconf 85' lang='grc' dir='ltr'>κνεῖται</span> <span class='ocrx_word' id='word_1_575' title='bbox 1138 1249 1183 1274; x_wconf 78' lang='grc' dir='ltr'>τοῦ</span> <span class='ocrx_word' id='word_1_576' title='bbox 1194 1246 1355 1284; x_wconf 63' lang='grc' dir='ltr'>νοσήματος·</span> <span class='ocrx_word' id='word_1_577' title='bbox 1373 1246 1418 1275; x_wconf 82' lang='grc' dir='ltr'>καὶ</span> <span class='ocrx_word' id='word_1_578' title='bbox 1439 1245 1538 1278; x_wconf 73' lang='grc' dir='ltr'>δεικνὺς</span> <span class='ocrx_word' id='word_1_579' title='bbox 1551 1244 1600 1274; x_wconf 72' lang='grc' dir='ltr'>ὅσα</span> <span class='ocrx_word' id='word_1_580' title='bbox 1609 1246 1689 1274; x_wconf 82' lang='grc' dir='ltr'>ἔπαθε</span> <span class='ocrx_word' id='word_1_581' title='bbox 1705 1245 1748 1275; x_wconf 78' lang='grc' dir='ltr'>διὰ</span> <span class='ocrx_word' id='word_1_582' title='bbox 1760 1245 1791 1274; x_wconf 84' lang='grc' dir='ltr'>τὸ</span> 
     </span>
     <span class='ocr_line' id='line_1_81' title="bbox 1027 1291 1789 1331; baseline 0 -11"><span class='ocrx_word' id='word_1_583' title='bbox 1027 1292 1184 1331; x_wconf 75' lang='grc' dir='ltr'>εὐαγγέλιον,</span> <span class='ocrx_word' id='word_1_584' title='bbox 1204 1292 1250 1321; x_wconf 76' lang='grc' dir='ltr'>καὶ</span> <span class='ocrx_word' id='word_1_585' title='bbox 1269 1295 1345 1321; x_wconf 71' lang='grc' dir='ltr'>τοῦτο</span> <span class='ocrx_word' id='word_1_586' title='bbox 1359 1293 1416 1330; x_wconf 79' lang='grc' dir='ltr'>μετ’</span> <span class='ocrx_word' id='word_1_587' title='bbox 1432 1292 1536 1321; x_wconf 75' lang='grc' dir='ltr'>ἐκείνων</span> <span class='ocrx_word' id='word_1_588' title='bbox 1558 1291 1671 1328; x_wconf 83' lang='grc' dir='ltr'>τίθησιν.</span> <span class='ocrx_word' id='word_1_589' title='bbox 1682 1291 1789 1331; x_wconf 83' lang='grc' dir='ltr'>Ὥσπερ</span> 
     </span>
     <span class='ocr_line' id='line_1_82' title="bbox 1024 1337 1789 1378; baseline 0.001 -12"><span class='ocrx_word' id='word_1_590' title='bbox 1024 1338 1092 1377; x_wconf 83' lang='grc' dir='ltr'>γὰρ,</span> <span class='ocrx_word' id='word_1_591' title='bbox 1112 1338 1200 1377; x_wconf 65' lang='grc' dir='ltr'>φησιν,</span> <span class='ocrx_word' id='word_1_592' title='bbox 1219 1338 1349 1378; x_wconf 66' lang='grc' dir='ltr'>ὗπερέέην</span> <span class='ocrx_word' id='word_1_593' title='bbox 1365 1337 1399 1367; x_wconf 72' lang='grc' dir='ltr'>τὰ</span> <span class='ocrx_word' id='word_1_594' title='bbox 1414 1338 1619 1378; x_wconf 74' lang='grc' dir='ltr'>προστάγματα,</span> <span class='ocrx_word' id='word_1_595' title='bbox 1641 1338 1686 1367; x_wconf 81' lang='grc' dir='ltr'>καὶ</span> <span class='ocrx_word' id='word_1_596' title='bbox 1706 1341 1789 1367; x_wconf 72' lang='grc' dir='ltr'>ταῦτα</span> 
     </span>
     <span class='ocr_line' id='line_1_83' title="bbox 1024 1383 1789 1425; baseline 0.001 -13"><span class='ocrx_word' id='word_1_597' title='bbox 1024 1385 1053 1412; x_wconf 79' lang='grc' dir='ltr'>οὐ</span> <span class='ocrx_word' id='word_1_598' title='bbox 1066 1384 1160 1423; x_wconf 72' lang='grc' dir='ltr'>κούφου</span> <span class='ocrx_word' id='word_1_599' title='bbox 1178 1395 1222 1422; x_wconf 88' lang='grc' dir='ltr'>μοι</span> <span class='ocrx_word' id='word_1_600' title='bbox 1235 1388 1280 1412; x_wconf 65' lang='grc' dir='ltr'>τοῦ</span> <span class='ocrx_word' id='word_1_601' title='bbox 1296 1384 1450 1424; x_wconf 74' lang='grc' dir='ltr'>πράγματος</span> <span class='ocrx_word' id='word_1_602' title='bbox 1469 1383 1541 1417; x_wconf 82' lang='grc' dir='ltr'>ὄντος</span> <span class='ocrx_word' id='word_1_603' title='bbox 1553 1396 1559 1402; x_wconf 88' lang='grc'><em>·</em></span> <span class='ocrx_word' id='word_1_604' title='bbox 1573 1384 1619 1413; x_wconf 79' lang='grc' dir='ltr'>καὶ</span> <span class='ocrx_word' id='word_1_605' title='bbox 1632 1384 1684 1425; x_wconf 86' lang='grc' dir='ltr'>γὰρ</span> <span class='ocrx_word' id='word_1_606' title='bbox 1694 1384 1789 1413; x_wconf 78' lang='grc' dir='ltr'>Πάντα</span> 
     </span>
     <span class='ocr_line' id='line_1_84' title="bbox 1024 1427 1788 1468; baseline -0.001 -11"><span class='ocrx_word' id='word_1_607' title='bbox 1024 1428 1159 1467; x_wconf 82' lang='grc' dir='ltr'>στέγομεν,</span> <span class='ocrx_word' id='word_1_608' title='bbox 1176 1428 1268 1468; x_wconf 78' lang='grc' dir='ltr'>φησίν·</span> <span class='ocrx_word' id='word_1_609' title='bbox 1281 1428 1347 1457; x_wconf 67' lang='grc' dir='ltr'>οὕτω</span> <span class='ocrx_word' id='word_1_610' title='bbox 1365 1429 1410 1458; x_wconf 77' lang='grc' dir='ltr'>καὶ</span> <span class='ocrx_word' id='word_1_611' title='bbox 1432 1430 1542 1458; x_wconf 73' lang='grc' dir='ltr'>ἐνταῦθα</span> <span class='ocrx_word' id='word_1_612' title='bbox 1560 1427 1641 1458; x_wconf 72' lang='grc' dir='ltr'>πολὺν</span> <span class='ocrx_word' id='word_1_613' title='bbox 1665 1428 1788 1467; x_wconf 80' lang='grc' dir='ltr'>ὑπομένω</span> 
     </span>
     <span class='ocr_line' id='line_1_85' title="bbox 1023 1474 1786 1515; baseline 0.003 -13"><span class='ocrx_word' id='word_1_614' title='bbox 1023 1474 1109 1510; x_wconf 86' lang='grc' dir='ltr'>πόνον,</span> <span class='ocrx_word' id='word_1_615' title='bbox 1127 1474 1195 1503; x_wconf 81' lang='grc' dir='ltr'>ὥστε</span> <span class='ocrx_word' id='word_1_616' title='bbox 1210 1475 1347 1515; x_wconf 69' lang='grc' dir='ltr'>σωφρόνως</span> <span class='ocrx_word' id='word_1_617' title='bbox 1360 1476 1415 1514; x_wconf 74' lang='grc' dir='ltr'>ζῇν.</span> <span class='ocrx_word' id='word_1_618' title='bbox 1433 1476 1466 1504; x_wconf 81' lang='grc' dir='ltr'>Εἰ</span> <span class='ocrx_word' id='word_1_619' title='bbox 1481 1474 1533 1515; x_wconf 83' lang='grc' dir='ltr'>γὰρ</span> <span class='ocrx_word' id='word_1_620' title='bbox 1545 1475 1591 1504; x_wconf 75' lang='grc' dir='ltr'>καὶ</span> <span class='ocrx_word' id='word_1_621' title='bbox 1609 1474 1756 1508; x_wconf 79' lang='grc' dir='ltr'>δυσένδοτος</span> <span class='ocrx_word' id='word_1_622' title='bbox 1767 1477 1786 1510; x_wconf 85' lang='grc' dir='ltr'>ἡ</span> 
     </span>
     <span class='ocr_line' id='line_1_86' title="bbox 1023 1519 1786 1560; baseline 0.001 -11"><span class='ocrx_word' id='word_1_623' title='bbox 1023 1520 1149 1559; x_wconf 76' lang='grc' dir='ltr'>ἐπιθυμία</span> <span class='ocrx_word' id='word_1_624' title='bbox 1170 1520 1214 1549; x_wconf 85' lang='grc' dir='ltr'>καὶ</span> <span class='ocrx_word' id='word_1_625' title='bbox 1237 1523 1254 1556; x_wconf 82' lang='grc' dir='ltr'>ἡ</span> <span class='ocrx_word' id='word_1_626' title='bbox 1277 1523 1324 1556; x_wconf 66' lang='grc' dir='ltr'>τῆς</span> <span class='ocrx_word' id='word_1_627' title='bbox 1347 1520 1458 1560; x_wconf 78' lang='grc' dir='ltr'>γαστρὸς</span> <span class='ocrx_word' id='word_1_628' title='bbox 1477 1521 1612 1560; x_wconf 78' lang='grc' dir='ltr'>τυραννὶς,</span> <span class='ocrx_word' id='word_1_629' title='bbox 1633 1522 1691 1550; x_wconf 83' lang='grc' dir='ltr'>ἀλλ’</span> <span class='ocrx_word' id='word_1_630' title='bbox 1715 1519 1786 1559; x_wconf 79' lang='grc' dir='ltr'>ὅμως</span> 
     </span>
     <span class='ocr_line' id='line_1_87' title="bbox 1024 1566 1785 1606; baseline 0.003 -12"><span class='ocrx_word' id='word_1_631' title='bbox 1024 1566 1104 1602; x_wconf 73' lang='grc' dir='ltr'>αὐτὴν</span> <span class='ocrx_word' id='word_1_632' title='bbox 1126 1568 1226 1606; x_wconf 74' lang='grc' dir='ltr'>χαλινῶ</span> <span class='ocrx_word' id='word_1_633' title='bbox 1237 1589 1245 1603; x_wconf 81' lang='lat'><strong><em>,</em></strong></span> <span class='ocrx_word' id='word_1_634' title='bbox 1267 1567 1312 1595; x_wconf 85' lang='grc' dir='ltr'>καὶ</span> <span class='ocrx_word' id='word_1_635' title='bbox 1331 1569 1378 1596; x_wconf 78' lang='grc' dir='ltr'>οὒκ</span> <span class='ocrx_word' id='word_1_636' title='bbox 1399 1566 1541 1605; x_wconf 47' lang='grc' dir='ltr'>ὴένδίδωμι</span> <span class='ocrx_word' id='word_1_637' title='bbox 1555 1567 1666 1605; x_wconf 73' lang='grc' dir='ltr'>ἐμαυτὸν</span> <span class='ocrx_word' id='word_1_638' title='bbox 1680 1568 1718 1606; x_wconf 80' lang='grc' dir='ltr'>τῷ</span> <span class='ocrx_word' id='word_1_639' title='bbox 1732 1567 1785 1596; x_wconf 82' lang='grc' dir='ltr'>πά-</span> 
     </span>
     <span class='ocr_line' id='line_1_88' title="bbox 1024 1612 1787 1654; baseline 0.001 -13"><span class='ocrx_word' id='word_1_640' title='bbox 1024 1615 1078 1648; x_wconf 82' lang='grc' dir='ltr'>θει,</span> <span class='ocrx_word' id='word_1_641' title='bbox 1095 1612 1162 1641; x_wconf 76' lang='grc' dir='ltr'>ἀλλὰ</span> <span class='ocrx_word' id='word_1_642' title='bbox 1176 1612 1262 1641; x_wconf 84' lang='grc' dir='ltr'>πάντα</span> <span class='ocrx_word' id='word_1_643' title='bbox 1281 1612 1404 1650; x_wconf 74' lang='grc' dir='ltr'>ὑπομένω</span> <span class='ocrx_word' id='word_1_644' title='bbox 1417 1612 1504 1649; x_wconf 84' lang='grc' dir='ltr'>πόνον,</span> <span class='ocrx_word' id='word_1_645' title='bbox 1521 1613 1588 1642; x_wconf 82' lang='grc' dir='ltr'>ὥστε</span> <span class='ocrx_word' id='word_1_646' title='bbox 1612 1612 1648 1651; x_wconf 85' lang='grc' dir='ltr'>μὴ</span> <span class='ocrx_word' id='word_1_647' title='bbox 1668 1625 1787 1654; x_wconf 71' lang='grc' dir='ltr'>παρασυ-</span> 
     </span>
     <span class='ocr_line' id='line_1_89' title="bbox 1025 1671 1108 1698; baseline -0.012 -10"><span class='ocrx_word' id='word_1_648' title='bbox 1025 1671 1108 1698; x_wconf 80' lang='grc' dir='ltr'>ρηναι.</span> 
     </span>
    </p>
   </div>
   <div class='ocr_carea' id='block_1_12' title="bbox 1018 1892 1783 2393">
    <p class='ocr_par' dir='ltr' id='par_1_14' title="bbox 1018 1892 1783 2393">
     <span class='ocr_line' id='line_1_90' title="bbox 1059 1892 1780 1933; baseline 0.003 -11"><span class='ocrx_word' id='word_1_649' title='bbox 1059 1892 1105 1929; x_wconf 87' lang='grc' dir='ltr'>Μὴ</span> <span class='ocrx_word' id='word_1_650' title='bbox 1120 1893 1171 1932; x_wconf 83' lang='grc' dir='ltr'>γὰρ</span> <span class='ocrx_word' id='word_1_651' title='bbox 1192 1892 1224 1928; x_wconf 83' lang='grc' dir='ltr'>δὴ</span> <span class='ocrx_word' id='word_1_652' title='bbox 1246 1892 1372 1931; x_wconf 77' lang='grc' dir='ltr'>νομίσητε</span> <span class='ocrx_word' id='word_1_653' title='bbox 1391 1893 1566 1933; x_wconf 80' lang='grc' dir='ltr'>ἀπραγμόνως</span> <span class='ocrx_word' id='word_1_654' title='bbox 1581 1905 1614 1931; x_wconf 87' lang='grc' dir='ltr'>με</span> <span class='ocrx_word' id='word_1_655' title='bbox 1628 1896 1712 1923; x_wconf 75' lang='grc' dir='ltr'>ταῦτα</span> <span class='ocrx_word' id='word_1_656' title='bbox 1729 1905 1780 1924; x_wconf 87' lang='grc' dir='ltr'>κα-</span> 
     </span>
     <span class='ocr_line' id='line_1_91' title="bbox 1018 1939 1782 1980; baseline 0.003 -12"><span class='ocrx_word' id='word_1_657' title='bbox 1018 1942 1132 1979; x_wconf 77' lang='grc' dir='ltr'>τορθοῦν.</span> <span class='ocrx_word' id='word_1_658' title='bbox 1157 1939 1210 1968; x_wconf 82' lang='grc' dir='ltr'>Καὶ</span> <span class='ocrx_word' id='word_1_659' title='bbox 1233 1939 1284 1979; x_wconf 81' lang='grc' dir='ltr'>γὰρ</span> <span class='ocrx_word' id='word_1_660' title='bbox 1308 1940 1401 1979; x_wconf 81' lang='grc' dir='ltr'>δρόμος</span> <span class='ocrx_word' id='word_1_661' title='bbox 1423 1940 1479 1968; x_wconf 82' lang='grc' dir='ltr'>ἐστὶ</span> <span class='ocrx_word' id='word_1_662' title='bbox 1501 1939 1545 1968; x_wconf 84' lang='grc' dir='ltr'>καὶ</span> <span class='ocrx_word' id='word_1_663' title='bbox 1560 1940 1720 1980; x_wconf 80' lang='grc' dir='ltr'>παγκράτιον</span> <span class='ocrx_word' id='word_1_664' title='bbox 1736 1941 1782 1970; x_wconf 84' lang='grc' dir='ltr'>καὶ</span> 
     </span>
     <span class='ocr_line' id='line_1_92' title="bbox 1020 1985 1782 2025; baseline 0 -11"><span class='ocrx_word' id='word_1_665' title='bbox 1020 1986 1120 2024; x_wconf 70' lang='grc' dir='ltr'>φύσεως</span> <span class='ocrx_word' id='word_1_666' title='bbox 1135 1985 1267 2025; x_wconf 81' lang='grc' dir='ltr'>τυραννὶς,</span> <span class='ocrx_word' id='word_1_667' title='bbox 1281 1985 1518 2023; x_wconf 78' lang='grc' dir='ltr'>κατεξανισταμένη</span> <span class='ocrx_word' id='word_1_668' title='bbox 1532 1987 1646 2025; x_wconf 78' lang='grc' dir='ltr'>συνεχῶς</span> <span class='ocrx_word' id='word_1_669' title='bbox 1656 1985 1701 2014; x_wconf 86' lang='grc' dir='ltr'>καὶ</span> <span class='ocrx_word' id='word_1_670' title='bbox 1711 1986 1782 2015; x_wconf 77' lang='grc' dir='ltr'>ἐλευ-</span> 
     </span>
     <span class='ocr_line' id='line_1_93' title="bbox 1019 2030 1780 2071; baseline 0.001 -11"><span class='ocrx_word' id='word_1_671' title='bbox 1019 2031 1142 2071; x_wconf 80' lang='grc' dir='ltr'>θεριάζειν</span> <span class='ocrx_word' id='word_1_672' title='bbox 1159 2030 1302 2069; x_wconf 77' lang='grc' dir='ltr'>βουλομένη</span> <span class='ocrx_word' id='word_1_673' title='bbox 1314 2042 1320 2048; x_wconf 92' lang='grc'>·</span> <span class='ocrx_word' id='word_1_674' title='bbox 1334 2031 1390 2060; x_wconf 76' lang='grc' dir='ltr'>ἀλλ’</span> <span class='ocrx_word' id='word_1_675' title='bbox 1404 2033 1449 2060; x_wconf 79' lang='grc' dir='ltr'>οὐκ</span> <span class='ocrx_word' id='word_1_676' title='bbox 1459 2031 1587 2070; x_wconf 81' lang='grc' dir='ltr'>ἀνέχομαι</span> <span class='ocrx_word' id='word_1_677' title='bbox 1596 2053 1605 2067; x_wconf 84' lang='grc'>,</span> <span class='ocrx_word' id='word_1_678' title='bbox 1620 2031 1689 2060; x_wconf 85' lang='grc' dir='ltr'>ἀλλὰ</span> <span class='ocrx_word' id='word_1_679' title='bbox 1698 2044 1780 2062; x_wconf 86' lang='grc' dir='ltr'>κατα-</span> 
     </span>
     <span class='ocr_line' id='line_1_94' title="bbox 1019 2076 1780 2118; baseline 0.001 -12"><span class='ocrx_word' id='word_1_680' title='bbox 1019 2077 1118 2106; x_wconf 83' lang='grc' dir='ltr'>στέλλω</span> <span class='ocrx_word' id='word_1_681' title='bbox 1143 2077 1187 2106; x_wconf 83' lang='grc' dir='ltr'>καὶ</span> <span class='ocrx_word' id='word_1_682' title='bbox 1213 2076 1350 2105; x_wconf 80' lang='grc' dir='ltr'>ὓποτάττω</span> <span class='ocrx_word' id='word_1_683' title='bbox 1372 2076 1439 2114; x_wconf 80' lang='grc' dir='ltr'>μετὰ</span> <span class='ocrx_word' id='word_1_684' title='bbox 1465 2079 1567 2106; x_wconf 82' lang='grc' dir='ltr'>πολλῶν</span> <span class='ocrx_word' id='word_1_685' title='bbox 1588 2079 1641 2106; x_wconf 80' lang='grc' dir='ltr'>τῶν</span> <span class='ocrx_word' id='word_1_686' title='bbox 1664 2078 1780 2118; x_wconf 79' lang='grc' dir='ltr'>ἱδρώτων</span> 
     </span>
     <span class='ocr_line' id='line_1_95' title="bbox 1019 2122 1780 2163; baseline 0.003 -11"><span class='ocrx_word' id='word_1_687' title='bbox 1019 2123 1108 2158; x_wconf 69' lang='grc' dir='ltr'>αὐτήν.</span> <span class='ocrx_word' id='word_1_688' title='bbox 1124 2124 1217 2152; x_wconf 80' lang='grc' dir='ltr'>Ταῦτα</span> <span class='ocrx_word' id='word_1_689' title='bbox 1237 2122 1265 2152; x_wconf 74' lang='grc' dir='ltr'>δὲ</span> <span class='ocrx_word' id='word_1_690' title='bbox 1278 2122 1364 2162; x_wconf 80' lang='grc' dir='ltr'>λέγει,</span> <span class='ocrx_word' id='word_1_691' title='bbox 1378 2124 1420 2151; x_wconf 74' lang='grc' dir='ltr'>ἵνα</span> <span class='ocrx_word' id='word_1_692' title='bbox 1435 2123 1524 2161; x_wconf 76' lang='grc' dir='ltr'>μηδεὶς</span> <span class='ocrx_word' id='word_1_693' title='bbox 1538 2123 1705 2163; x_wconf 77' lang='grc' dir='ltr'>ἀπογινώσκῃ</span> <span class='ocrx_word' id='word_1_694' title='bbox 1727 2126 1780 2154; x_wconf 79' lang='grc' dir='ltr'>τῶν</span> 
     </span>
     <span class='ocr_line' id='line_1_96' title="bbox 1019 2168 1783 2209; baseline 0.003 -11"><span class='ocrx_word' id='word_1_695' title='bbox 1019 2169 1084 2209; x_wconf 77' lang='grc' dir='ltr'>ὑπὲρ</span> <span class='ocrx_word' id='word_1_696' title='bbox 1106 2171 1199 2208; x_wconf 75' lang='grc' dir='ltr'>ἄρετ’-ῆς</span> <span class='ocrx_word' id='word_1_697' title='bbox 1222 2168 1338 2208; x_wconf 81' lang='grc' dir='ltr'>ἀγώνων,</span> <span class='ocrx_word' id='word_1_698' title='bbox 1360 2168 1449 2205; x_wconf 76' lang='grc' dir='ltr'>ἐπειδὴ</span> <span class='ocrx_word' id='word_1_699' title='bbox 1463 2169 1493 2198; x_wconf 80' lang='grc' dir='ltr'>τὸ</span> <span class='ocrx_word' id='word_1_700' title='bbox 1510 2175 1621 2209; x_wconf 81' lang='grc' dir='ltr'>πρᾶγμα</span> <span class='ocrx_word' id='word_1_701' title='bbox 1642 2170 1763 2200; x_wconf 82' lang='grc' dir='ltr'>ἐπίπονον</span> <span class='ocrx_word' id='word_1_702' title='bbox 1775 2183 1783 2189; x_wconf 93' lang='grc'><em>·</em></span> 
     </span>
     <span class='ocr_line' id='line_1_97' title="bbox 1021 2211 1781 2255; baseline 0.003 -11"><span class='ocrx_word' id='word_1_703' title='bbox 1021 2215 1059 2244; x_wconf 76' lang='grc' dir='ltr'>διό</span> <span class='ocrx_word' id='word_1_704' title='bbox 1079 2227 1166 2255; x_wconf 76' lang='grc' dir='ltr'>φησιν,</span> <span class='ocrx_word' id='word_1_705' title='bbox 1185 2214 1347 2247; x_wconf 61' lang='grc' dir='ltr'>εΥπωπιοίζω</span> <span class='ocrx_word' id='word_1_706' title='bbox 1371 2214 1416 2243; x_wconf 78' lang='grc' dir='ltr'>καί</span> <span class='ocrx_word' id='word_1_707' title='bbox 1435 2215 1600 2255; x_wconf 77' lang='grc' dir='ltr'>δουλαγωγῶ.</span> <span class='ocrx_word' id='word_1_708' title='bbox 1622 2217 1679 2245; x_wconf 80' lang='grc' dir='ltr'>Οὐκ</span> <span class='ocrx_word' id='word_1_709' title='bbox 1701 2211 1781 2253; x_wconf 66' lang='grc' dir='ltr'>εἶπεν,</span> 
     </span>
     <span class='ocr_line' id='line_1_98' title="bbox 1020 2260 1780 2303; baseline 0.004 -14"><span class='ocrx_word' id='word_1_710' title='bbox 1020 2263 1118 2301; x_wconf 80' lang='grc' dir='ltr'>ἀναιρῶ</span> <span class='ocrx_word' id='word_1_711' title='bbox 1132 2264 1143 2276; x_wconf 77' lang='grc'>’·“</span> <span class='ocrx_word' id='word_1_712' title='bbox 1152 2260 1208 2290; x_wconf 70' lang='grc' dir='ltr'>οὐδὲ</span> <span class='ocrx_word' id='word_1_713' title='bbox 1227 2261 1328 2293; x_wconf 76' lang='grc' dir='ltr'>κολάζω</span> <span class='ocrx_word' id='word_1_714' title='bbox 1337 2272 1344 2279; x_wconf 88' lang='grc'><em>·</em></span> <span class='ocrx_word' id='word_1_715' title='bbox 1358 2260 1414 2289; x_wconf 71' lang='grc' dir='ltr'>οὐδὲ</span> <span class='ocrx_word' id='word_1_716' title='bbox 1428 2260 1478 2300; x_wconf 78' lang='grc' dir='ltr'>γὰρ</span> <span class='ocrx_word' id='word_1_717' title='bbox 1492 2261 1574 2301; x_wconf 79' lang='grc' dir='ltr'>ἐχθρὰ</span> <span class='ocrx_word' id='word_1_718' title='bbox 1586 2264 1603 2297; x_wconf 90' lang='grc' dir='ltr'>ἡ</span> <span class='ocrx_word' id='word_1_719' title='bbox 1615 2261 1680 2303; x_wconf 83' lang='grc' dir='ltr'>σάρξ</span> <span class='ocrx_word' id='word_1_720' title='bbox 1689 2275 1696 2281; x_wconf 86' lang='grc'><em>·</em></span> <span class='ocrx_word' id='word_1_721' title='bbox 1711 2263 1780 2299; x_wconf 80' lang='grc' dir='ltr'>ἀλλ’,</span> 
     </span>
     <span class='ocr_line' id='line_1_99' title="bbox 1019 2306 1780 2346; baseline 0.001 -10"><span class='ocrx_word' id='word_1_722' title='bbox 1019 2306 1180 2340; x_wconf 71' lang='grc' dir='ltr'>Ὑπωπιοίζω</span> <span class='ocrx_word' id='word_1_723' title='bbox 1205 2306 1250 2334; x_wconf 82' lang='grc' dir='ltr'>καὶ</span> <span class='ocrx_word' id='word_1_724' title='bbox 1272 2307 1428 2345; x_wconf 80' lang='grc' dir='ltr'>δουλαγωγῶ</span> <span class='ocrx_word' id='word_1_725' title='bbox 1440 2328 1448 2342; x_wconf 84' lang='grc'>,</span> <span class='ocrx_word' id='word_1_726' title='bbox 1469 2306 1483 2335; x_wconf 85' lang='grc' dir='ltr'><strong>ὃ</strong></span> <span class='ocrx_word' id='word_1_727' title='bbox 1502 2307 1626 2337; x_wconf 77' lang='grc' dir='ltr'>δεσπότου</span> <span class='ocrx_word' id='word_1_728' title='bbox 1646 2307 1726 2346; x_wconf 83' lang='grc' dir='ltr'>ἐστὶν,</span> <span class='ocrx_word' id='word_1_729' title='bbox 1751 2311 1780 2337; x_wconf 84' lang='grc' dir='ltr'>οὐ</span> 
     </span>
     <span class='ocr_line' id='line_1_100' title="bbox 1019 2352 1778 2393; baseline 0.001 -10"><span class='ocrx_word' id='word_1_730' title='bbox 1019 2353 1143 2391; x_wconf 80' lang='grc' dir='ltr'>πολεμίου</span> <span class='ocrx_word' id='word_1_731' title='bbox 1155 2365 1161 2370; x_wconf 90' lang='grc'><strong><em>·</em></strong></span> <span class='ocrx_word' id='word_1_732' title='bbox 1174 2352 1329 2381; x_wconf 72' lang='grc' dir='ltr'>διδασκάλου</span> <span class='ocrx_word' id='word_1_733' title='bbox 1338 2375 1346 2388; x_wconf 96' lang='grc'>,</span> <span class='ocrx_word' id='word_1_734' title='bbox 1355 2354 1401 2382; x_wconf 79' lang='grc' dir='ltr'>οὐκ</span> <span class='ocrx_word' id='word_1_735' title='bbox 1411 2354 1503 2392; x_wconf 81' lang='grc' dir='ltr'>ἐχθροῦ</span> <span class='ocrx_word' id='word_1_736' title='bbox 1513 2363 1520 2370; x_wconf 92' lang='grc'><em>·</em></span> <span class='ocrx_word' id='word_1_737' title='bbox 1533 2353 1701 2393; x_wconf 67' lang='grc' dir='ltr'>παιδοτρίὸου</span> <span class='ocrx_word' id='word_1_738' title='bbox 1710 2376 1719 2389; x_wconf 88' lang='grc'>,</span> <span class='ocrx_word' id='word_1_739' title='bbox 1733 2356 1778 2384; x_wconf 81' lang='grc' dir='ltr'>οὐκ</span> 
     </span>
    </p>
   </div>
   <div class='ocr_carea' id='block_1_13' title="bbox 1024 2459 1772 2572">
    <p class='ocr_par' dir='ltr' id='par_1_15' title="bbox 1024 2459 1772 2572">
     <span class='ocr_line' id='line_1_101' title="bbox 1026 2459 1626 2495; baseline 0.003 -11"><span class='ocrx_word' id='word_1_740' title='bbox 1026 2472 1086 2490; x_wconf 63' lang='grc' dir='ltr'>σητε,</span> <span class='ocrx_word' id='word_1_741' title='bbox 1101 2459 1171 2485; x_wconf 84' lang='lat' dir='ltr'>Idem</span> <span class='ocrx_word' id='word_1_742' title='bbox 1183 2469 1256 2492; x_wconf 85' lang='lat' dir='ltr'>supra</span> <span class='ocrx_word' id='word_1_743' title='bbox 1268 2464 1342 2494; x_wconf 75' lang='grc' dir='ltr'>ὥσπερ</span> <span class='ocrx_word' id='word_1_744' title='bbox 1354 2460 1398 2490; x_wconf 69' lang='grc' dir='ltr'>οὖν,</span> <span class='ocrx_word' id='word_1_745' title='bbox 1412 2465 1483 2494; x_wconf 67' lang='grc' dir='ltr'>φησιν,</span> <span class='ocrx_word' id='word_1_746' title='bbox 1497 2460 1626 2495; x_wconf 69' lang='grc' dir='ltr'>ὐπ-τρέὃην.]</span> 
     </span>
     <span class='ocr_line' id='line_1_102' title="bbox 1058 2498 1772 2534; baseline 0.001 -9"><span class='ocrx_word' id='word_1_747' title='bbox 1058 2508 1067 2518; x_wconf 73' lang='lat'><strong><em>⁶</em></strong></span> <span class='ocrx_word' id='word_1_748' title='bbox 1084 2501 1150 2532; x_wconf 68' lang='lat'>[03822</span> <span class='ocrx_word' id='word_1_749' title='bbox 1171 2504 1267 2530; x_wconf 62' lang='grc' dir='ltr'>κολάζω.</span> <span class='ocrx_word' id='word_1_750' title='bbox 1283 2500 1341 2524; x_wconf 76' lang='lat' dir='ltr'>Iloec</span> <span class='ocrx_word' id='word_1_751' title='bbox 1358 2498 1495 2532; x_wconf 84' lang='lat' dir='ltr'>adjecimus</span> <span class='ocrx_word' id='word_1_752' title='bbox 1510 2508 1540 2524; x_wconf 77' lang='lat' dir='ltr'>ex</span> <span class='ocrx_word' id='word_1_753' title='bbox 1556 2501 1585 2524; x_wconf 80' lang='lat' dir='ltr'>A.</span> <span class='ocrx_word' id='word_1_754' title='bbox 1603 2501 1631 2524; x_wconf 89' lang='grc' dir='ltr'>Β.</span> <span class='ocrx_word' id='word_1_755' title='bbox 1653 2508 1677 2526; x_wconf 79' lang='lat' dir='ltr'>et</span> <span class='ocrx_word' id='word_1_756' title='bbox 1694 2510 1772 2534; x_wconf 71' lang='lat' dir='ltr'>marg-</span> 
     </span>
     <span class='ocr_line' id='line_1_103' title="bbox 1024 2533 1759 2572; baseline 0.001 -9"><span class='ocrx_word' id='word_1_757' title='bbox 1024 2538 1090 2564; x_wconf 70' lang='lat' dir='ltr'>Snxi!</span> <span class='ocrx_word' id='word_1_758' title='bbox 1115 2538 1189 2563; x_wconf 67' lang='lat' dir='ltr'>Panto</span> <span class='ocrx_word' id='word_1_759' title='bbox 1203 2545 1259 2563; x_wconf 78' lang='lat' dir='ltr'>ante</span> <span class='ocrx_word' id='word_1_760' title='bbox 1272 2544 1341 2564; x_wconf 60' lang='grc' dir='ltr'>πίνω-ι</span> <span class='ocrx_word' id='word_1_761' title='bbox 1354 2547 1399 2570; x_wconf 72' lang='grc' dir='ltr'>[ιι-υ</span> <span class='ocrx_word' id='word_1_762' title='bbox 1412 2543 1499 2569; x_wconf 56' lang='grc' dir='ltr'>ἀγώνων</span> <span class='ocrx_word' id='word_1_763' title='bbox 1513 2547 1590 2572; x_wconf 77' lang='lat' dir='ltr'>marg.</span> <span class='ocrx_word' id='word_1_764' title='bbox 1604 2539 1695 2571; x_wconf 64' lang='lat' dir='ltr'>San-it]</span> <span class='ocrx_word' id='word_1_765' title='bbox 1756 2533 1759 2535; x_wconf 43' lang='lat'><strong><em>¹</em></strong></span> 
     </span>
    </p>
   </div>
  </div>
 </body>
</html>
