1880 2866
119 2269 177 2289 Isnt.
193 2274 211 2288 1.
226 2274 261 2296 19.

121 2306 158 2320 20-

271 162 277 182 ι
288 149 354 184 006

264 231 358 249 annos
368 221 476 248 liabens
491 223 522 248 in
536 220 708 258 infirmitate
715 230 778 249 sua.
794 221 882 249 Ilunc
893 221 996 249 videns

264 260 350 288 Jesus
362 282 369 294 ,
383 259 430 297 qui
455 259 545 287 omnia
563 259 613 287 scit
638 266 780 297 antequam
803 260 887 296 fiant,
904 263 997 289 sciens

264 301 334 336 quia
343 300 409 337 jam
421 300 545 326 multum
552 305 661 337 tempus
672 300 801 334 liaberet,
810 300 880 327 dicit
892 301 917 327 ei
928 311 936 325 :
948 300 998 327 Vis

263 348 354 366 sanus
362 338 451 376 fieri.
448 341 457 357 ³
472 339 496 366 Ο
513 338 620 366 Domini
644 339 805 366 culationem
830 349 881 366 non
901 348 998 366 sanam

263 377 376 414 gloriam
399 376 565 415 sapientem!
594 387 646 405 non
670 384 806 416 exspectat
829 378 997 405 ἰιιίῖιᾙιιιοιιιιι]

263 426 371 454 pleces,
384 416 440 454 ipse
458 426 513 444 sese
527 416 714 454 languentibus
738 417 825 444 ossen.
838 418 906 443 Cum
927 415 997 443 enim

263 455 302 483 sol
322 455 435 494 justitiae
454 462 509 491 sit,
532 466 613 494 super
637 466 727 483 omnes
752 455 885 483 beneficos
909 454 998 482 sadios

263 494 401 537 expandit.
416 495 512 522 Erant
533 501 631 522 autem
643 495 838 530 let-osolymis
859 494 885 521 in
900 493 997 531 pioba-

262 533 313 561 tica
324 536 438 572 piscina
454 556 460 569 ,
485 535 717 561 [lebraic'edwm
729 533 892 566 Bethesda‚
914 534 997 569 quin-

263 583 318 611 que
341 575 493 611 porticus:
513 574 553 600 ibt
571 574 691 610 jacebat
713 572 867 599 multitudo
890 581 999 609 magna.

262 613 464 651 [magnentium
467 633 475 645 ,
484 621 635 645 caecorum,
644 611 825 644 claudorum,
835 611 995 638 aridorum

261 651 318 679 Hoc
329 651 494 695 symbolum
497 656 552 677 eiat
563 649 681 678 Judiicae
692 649 873 677 infirmitatis.
868 649 1000 687 .quinque

262 698 380 728 potticus
396 689 510 717 intiimis
529 689 624 731 plenae..
644 688 750 716 Etenim
771 689 924 716 infir-matui
946 690 999 718 ,lu—

261 729 355 757 daicus
375 729 491 767 populus
506 738 552 765 per
573 738 691 765 quinque
705 738 813 763 sensus,
829 728 937 763 visum,
958 727 1000 755 ol-

261 769 384 803 factum,
409 773 517 805 gustum
533 789 540 801 ,
564 766 706 803 auditum,
731 750 840 794 tactuin.
869 768 920 795 Per
943 766 1000 794 haec

261 808 351 835 omnia
372 806 461 835 Judaei
482 788 709 833 inlirzmabantur
730 816 781 834 non
796 806 930 834 habebant
945 816 998 843 pu-

261 857 322 874 rum
333 846 441 874 oculum
452 867 459 880 ‚
471 844 591 873 videntes
602 845 730 873 miracula
743 867 750 881 ‚
765 852 790 873 et
803 845 980 884 despicientes
991 856 997 872 :

261 896 313 914 non
339 885 472 913 habebant
495 891 604 922 gustum
627 890 748 922 gratum,
764 895 860 913 manna
875 884 997 920 edentes,

260 932 285 953 et
305 935 457 953 cucumeres
471 931 632 961 quaerentes:
649 934 700 952 non
716 923 849 952 habebant
870 924 997 951 olfactum

261 975 359 1002 purum
371 986 379 997 ,
396 970 531 1001 unguento
546 963 688 991 Dominico
699 962 863 991 diabolicum
878 963 997 991 soetorem

261 1004 446 1042 praeferentes:
464 1013 515 1031 non
530 1002 665 1030 habebant
675 1002 798 1030 auditum
811 1013 921 1041 purum,
935 1002 997 1030 dra-

262 1043 335 1070 conis
345 1043 437 1070 sibilos
450 1063 458 1078 ‚
474 1052 525 1070 non
539 1042 708 1081 propheticos
723 1052 799 1070 sonos
811 1042 976 1070 consulentes
990 1053 995 1068 :

261 1092 313 1110 non
329 1082 462 1110 habebant
476 1088 575 1109 tactum
597 1081 663 1109 bene
674 1088 825 1120 operantem
836 1103 843 1117 ‚
860 1081 929 1109 idola
949 1091 997 1119 pro

261 1121 314 1149 diis
341 1121 482 1156 habentes,
506 1127 531 1148 et
558 1122 644 1149 Deum
670 1122 764 1149 vivum
790 1127 995 1149 contemnentes.

262 1164 387 1189 Attamen
410 1161 437 1188 in
459 1170 536 1188 carne
558 1170 674 1199 praesens
692 1160 824 1187 Dominus
852 1160 975 1188 Christus
988 1182 997 1197 ,

261 1210 387 1228 sensnum
402 1200 504 1235 fictor,
519 1205 544 1227 et
559 1206 742 1227 cleattnal'um
757 1199 892 1235 conditor,
907 1199 999 1227 eadem

262 1250 341 1278 opera
358 1249 544 1278 coipoiearum
559 1238 767 1276 aegritudinum,
789 1245 814 1266 et
837 1239 999 1267 voluntario-

262 1289 322 1306 ium
337 1279 462 1321 lapsuum
475 1277 684 1305 emendationem
698 1277 818 1305 cuiabat.
838 1278 888 1306 Hic
908 1278 978 1305 enim
988 1299 997 1313 ‚

262 1318 296 1346 de
308 1328 360 1356 quo
371 1327 492 1356 agimus,
508 1316 673 1355 paralyticus
687 1316 831 1355 dupliciter
843 1317 999 1360 flagellaba—

262 1364 321 1385 tur:
335 1367 430 1395 corpus
447 1356 645 1384 dissolv-chaun
661 1356 773 1389 morbo,
790 1363 816 1384 et
829 1366 919 1384 anima
940 1366 1000 1394 pec-

262 1397 328 1424 catis
350 1396 488 1424 vulnerata
515 1402 578 1422 eiat.
599 1395 663 1423 Ideo
688 1394 837 1427 Dominus,
857 1395 1001 1438 *uniusque

265 1435 353 1463 mmbi
369 1434 499 1469 medicus,
513 1441 537 1461 et
552 1444 647 1472 empus
662 1434 751 1461 stimat
762 1440 787 1461 et
797 1434 927 1478 spiritum
937 1434 1000 1461 illu-

264 1475 367 1510 minat;
390 1484 420 1502 ac
443 1484 487 1501 cot
491 1484 539 1512 pus
565 1473 663 1501 lectum
684 1473 752 1500 serre
774 1474 870 1511 jussit,
885 1484 1003 1501 amulam

264 1514 393 1542 virtutem
413 1519 514 1551 gestare
537 1512 671 1551 piaecepit.
696 1511 769 1546 Quid
792 1523 877 1540 emm.
871 1512 884 1528 ·)
901 1512 1003 1540 Videns

265 1553 540 1595 Dominusjacentem
560 1552 632 1579 hunc
653 1551 853 1590 paualyficum,
869 1551 941 1579 dixit
961 1552 1002 1586 ei,

265 1600 293 1621 ut
319 1603 368 1620 vos
389 1602 479 1620 omnes
496 1591 587 1626 scitis,
605 1592 653 1618 Vis
674 1601 763 1618 sanic<
775 1591 861 1630 fieri
859 1594 869 1612 ⁹
883 1591 936 1619 Sed
959 1591 1003 1619 hic

979 162 1070 185 SPUM
1076 163 1110 184 A.

1051 224 1172 261 τυφλῶν,
1193 224 1304 271 χωλιιν,
1329 222 1423 259 ξηρῶν.
1447 225 1495 252 ἸΙν
1512 223 1539 251 δέ
1560 235 1598 256 τις
1613 224 1747 262 ἅνθρωπος
1766 223 1819 250 ἐκεῖ

1051 260 1262 310 τριακονταοκτὼ
1271 261 1315 296 ἔτη
1326 262 1393 300 ἔχων
1406 263 1431 290 ἓν
1442 265 1473 301 τῇ
1484 263 1603 291 ἀσθενεία
1620 265 1706 291 αὐτοῦ.
1720 264 1819 291 Τοῦτον

1052 300 1112 327 ἰδων
1129 303 1141 328 6
1155 300 1271 335 Ἰησοῦς,
1283 303 1296 328 ὁ
1310 301 1342 328 τὰ
1352 301 1439 330 πάντα
1452 301 1525 334 εἰδως
1540 302 1599 350 πρὶν
1613 302 1754 340 γενέσεως,
1774 301 1820 328 καὶ

1052 338 1126 388 γνοὺς
1138 339 1177 367 ὅτι
1191 339 1302 368 πολυν”
1286 343 1336 375 ηδη
1358 340 1450 379 χρόνον
1465 341 1533 380 ἔχει,
1550 341 1620 379 λέγει
1635 342 1724 379 αὐτῶ,
1739 343 1765 369 65
1760 340 1820 372 λεις

1052 377 1127 415 ὑγιὴς
1137 379 1272 416 γενέσθαι·
1265 401 1272 415 ,
1280 378 1319 407 9.
1331 391 1377 413 της
1385 383 1429 408 τοῦ
1439 381 1535 419 Κυρίου
1544 380 1694 413 ἀκενοδόξου
1706 383 1818 428 θεραπε-

1054 417 1106 448 ίας·
1118 419 1164 446 οὐκ
1175 418 1253 466 ἓκδέγ
1255 430 1311 447 εται
1323 420 1545 457 παρακληθῆναι(
1536 420 1586 448 υπὸ
1597 422 1648 448 τῶν
1660 419 1822 457 ἀρρώστων·

1053 457 1128 489 αὐτὸς
1153 456 1250 495 ἐπείγει
1272 458 1362 486 ἑαυτὸν
1384 459 1449 507 πρὸς
1471 470 1530 490 τους
1549 458 1708 497 πάσχοντας.
1725 458 1820 490 ἽΙλιος

1051 495 1101 534 γὰρ
1113 496 1147 524 ὢν
1161 496 1361 531 δικαιοσυνης,’
1351 509 1394 525 επι
1405 497 1505 530 πάντας
1516 498 1593 526 ἁπλοῖ
1605 498 1652 532 τὴν
1668 499 1760 526 ἀκτῖνα
1773 500 1819 532 τῆς

1052 537 1091 564 εὗε
1082 535 1212 574 ργεσίας,
1233 539 1263 571 ἠν
1278 535 1328 564 δὲ’
1317 548 1342 564 εν
1357 541 1409 568 τοῖς
1428 536 1617 584 Ιεροσολυμοις
1636 536 1680 564 ἐπι
1700 548 1732 572 τη
1753 547 1819 575 προ-

1052 574 1148 613 Εατικῇ
1170 574 1343 613 κολυμῧήθρα
1363 578 1378 609 ἧ
1410 575 1582 624 ἐπιλεγομένη
1598 575 1746 625 Ἑὸραϊστὶ
1761 577 1818 611 Βη-

1052 614 1144 648 θεσδὰ,
1172 614 1250 642 πέντε
1273 613 1350 646 στοὰς
1377 613 1481 652 ἔχουσα·
1512 615 1557 643 Ἐν
1577 614 1658 653 ταύτῃ
1682 614 1819 644 κατέκειτο

1052 654 1150 687 πλῆθος
1161 653 1227 681 πολυ
1249 665 1299 681 των
1316 653 1502 689 ἀσθενουντων,
1518 655 1632 693 τυφλῶν,
1653 654 1757 702 χωλῶν,
1773 653 1818 688 ξη-

1054 695 1114 731 ρῶν.
1140 692 1278 729 Σύμὸολον
1297 703 1374 721 τουτο
1389 693 1437 726 τ’ἦς
1450 693 1595 728 Ιουδαϊκῆς
1616 692 1776 741 ἀρ’ῥωστίας,
1792 695 1818 721 αἱ

1052 732 1130 760 πέντε
1156 743 1246 767 στοαι,
1266 731 1360 763 αἵτινες
1374 732 1564 779 ε’πεπλήρωντο
1591 734 1641 760 τῶν
1666 731 1817 770 ἄῤῥώστων.

1054 771 1106 799 Καὶ
1125 771 1175 809 γὰρ
1206 773 1334 819 ἀῤῥωστεῖ
1348 772 1361 798 6
1374 769 1514 803 Ιουδαῖκὸς
1531 770 1592 803 λαος
1608 770 1651 799 διὰ
1673 773 1725 799 τῶν
1741 771 1818 800 πέντε

1052 810 1217 844 αἰσθησεων·
1243 810 1366 848 ὁράσεως,
1387 810 1552 857 ὀσφρήσεως,
1577 809 1704 859 γεύσεως,
1724 812 1818 846 ἀκοῆς,

1054 850 1130 888 ἁφης
1163 849 1215 877 Διὰ
1237 849 1343 878 πάντων
1369 849 1519 887 ἠῤῥώστουν
1545 850 1568 877 οἱ
1593 849 1726 878 Ἰουδαίων
1752 853 1820 878 παῖ-

1053 890 1106 921 δες·
1122 890 1168 917 οὐκ
1194 891 1263 927 εἰχον
1284 888 1398 927 καθαρὸν
1421 888 1564 929 ὀφθαλμὸν,
1575 889 1685 926 ὁρωντες
1708 889 1742 917 τὰ
1760 888 1820 917 θαύ-

1052 939 1122 964 ματα
1137 939 1181 956 και
1191 930 1372 976 παρορῶντες·
1389 928 1435 955 οὐκ
1457 931 1527 965 εἰχον
1546 930 1632 966 γεῦσιν
1655 928 1820 968 εὐχάριστον,

1052 967 1138 1003 μάννα
1148 979 1303 1006 τρωγοντες,
1315 979 1359 995 και
1372 979 1474 999 σικυους
1484 967 1680 1001 επιζητοῦ-ντες
1692 968 1740 995 οὐκ
1749 970 1820 1005 εἰχον

1051 1006 1177 1045 ὄσφρησιν
1195 1008 1336 1045 εἰλικρινῆ,
1352 1009 1395 1034 τοῦ
1410 1004 1661 1056 &eononxossjJ-isspou
1669 1005 1716 1040 τὴν
1732 1006 1822 1034 &2160-

1051 1046 1127 1080 λικὴν
1144 1046 1270 1074 δυσωδίαν
1282 1045 1479 1084 προκρίναντες·
1502 1046 1547 1073 οὐκ
1559 1049 1630 1083 εἰχον
1647 1045 1727 1080 ἀκοὴν
1739 1048 1819 1073 καθα-

1054 1084 1109 1123 ρὰν,
1126 1087 1176 1113 τῶν
1194 1085 1380 1123 δρακοντιαίων
1396 1084 1572 1122 συριγμάτων,
1587 1083 1632 1112 καὶ
1647 1085 1675 1111 οὐ
1689 1095 1821 1122 προφητι-

1028 1145 1034 1152 ,
1052 1126 1104 1152 κῶν
1132 1124 1330 1162 κατηγημάτων
1347 1123 1506 1161 πυθόμενοι·
1523 1124 1570 1150 οὐκ
1590 1126 1659 1161 εἰχον
1682 1123 1730 1158 τὴν
1753 1123 1822 1162 ἁφὴν

1053 1175 1112 1191 συνε
1116 1163 1252 1201 ργητικὴν,
1267 1163 1362 1191 stema
1381 1164 1559 1200 θεολογουντες
1570 1183 1577 1196 ,
1592 1162 1636 1190 καὶ
1661 1166 1706 1191 τοῦ
1729 1163 1823 1194 ζῶντος

1053 1204 1122 1231 Θεου
1149 1205 1381 1241 καταφρονοῦντες.
1407 1201 1476 1230 Αλλ’
1501 1201 1572 1239 ὅμως
1595 1201 1761 1238 ἐπιδημήσας
1789 1202 1822 1238 τῇ

1053 1242 1171 1280 ε’νσάρκω
1188 1243 1265 1270 αὐτοῦ
1277 1240 1425 1280 παρουσία,
1442 1242 1601 1275 ὁΔεσπᾶτης
1612 1240 1738 1278 Χριστὸς,
1752 1242 1765 1268 ὁ
1779 1251 1824 1268 και

1053 1283 1104 1309 τῶν
1116 1281 1259 1315 αἰσθήσεων
1270 1280 1393 1315 ποιητὴς,
1414 1291 1458 1307 και
1472 1281 1522 1307 τῶν
1535 1279 1686 1317 κτισμάτων
1699 1280 1824 1329 δημιουρ-

1053 1332 1113 1357 γος,
1139 1331 1165 1348 εν
1187 1321 1273 1357 ταύτῷ
1297 1331 1341 1347 και
1360 1321 1411 1347 τῶν
1433 1330 1590 1367 σωματικῶν
1605 1321 1696 1347 παθῶν
1711 1330 1756 1346 και
1772 1329 1823 1346 των

1053 1370 1244 1399 προαιρετικων
1259 1357 1433 1396 πταισμάτων
1448 1358 1496 1392 τὴν
1521 1358 1683 1397 διόρθωσιν’
1672 1357 1824 1392 εποιήσατο.

1056 1400 1140 1430 Οὗτος
1152 1398 1204 1436 γαρ
1216 1400 1228 1426 6
1241 1397 1409 1446 προκείμενος
1424 1397 1696 1435 παράλυτοςδιπλῆν’
1685 1395 1826 1445 επεφέρετο

1054 1436 1101 1472 τὴν
1116 1437 1249 1487 μάστιγα·
1265 1437 1294 1464 τὸ
1310 1436 1356 1473 μὲν
1370 1447 1446 1472 σωμα
1459 1439 1492 1473 τῇ
1502 1436 1570 1475 νόσῳ
1585 1435 1717 1471 διελύετο,
1738 1436 1786 1470 τὴν
1797 1435 1825 1463 δὲ

1055 1476 1122 1514 ψυγ
1111 1488 1142 1510 ην
1167 1479 1224 1507 ταῖς
1243 1475 1386 1513 ἁμαρτίαις
1401 1475 1555 1522 ἐξήρθρωτο.
1577 1474 1624 1502 Διὸ
1644 1475 1689 1503 καὶ
1704 1458 1717 1502 6
1731 1474 1826 1523 Κύριος

1056 1518 1069 1543 6
1094 1518 1145 1543 τῶν
1158 1514 1287 1563 ἐκπερῶν
1301 1514 1387 1552 ἰατρὸς
1397 1536 1404 1549 ,
1417 1515 1461 1541 καὶ
1481 1513 1511 1542 τὸ
1515 1516 1602 1563 σῶμα
1617 1514 1766 1553 συσφίγγει,
1781 1525 1827 1542 και

1056 1554 1085 1582 τὸ
1104 1566 1208 1591 πνευμα
1220 1553 1340 1592 φωτίζει·
1362 1565 1407 1581 και
1427 1555 1464 1581 τῶ
1493 1551 1539 1589 μὲν
1556 1552 1659 1590 σώματι
1672 1544 1720 1588 τὴν
1735 1552 1826 1588 κλίνην

1057 1593 1142 1643 φέρειν
1162 1593 1281 1626 εκέλευε,
1304 1595 1336 1630 τῇ
1361 1592 1387 1621 δὲ
1411 1593 1483 1630 ψυγῃ
1501 1591 1549 1626 τὴν
1570 1592 1666 1630 ἀρετὴν
1688 1592 1826 1630 βαστάζειν

264 1632 354 1660 statim
375 1631 463 1660 Judaei
484 1630 631 1658 Dominum
656 1630 853 1674 ιοριεὶιθιιιίιιιιῑ
868 1629 1002 1659 dicentes:
1014 1633 1193 1671 3353njtpsssre.
1204 1632 1239 1660 Γι
1246 1644 1318 1681 γαρ,
1334 1631 1433 1660 Ἰδὼνὸ
1447 1631 1540 1670 Κύριος
1550 1631 1669 1668 κείμενον
1679 1634 1771 1660 ’τοῦτον
1783 1631 1826 1659 τὸν

265 1672 294 1700 Si
312 1672 383 1699 Deus
397 1677 462 1698 esset
479 1670 616 1704 Cluistus,
638 1680 684 1697 cui
708 1670 880 1707 interrogaret
896 1670 1004 1709 paraly-
1023 1676 1041 1697 Α
1057 1673 1221 1719 παράὶυτον,
1243 1671 1291 1710 ἔφη
1316 1671 1380 1709 πρὸς
1405 1671 1492 1706 αὐτὸν,
1523 1670 1608 1703 καθως
1625 1670 1711 1698 οἴδατε
1731 1670 1828 1702 πάντες

266 1711 367 1740 ticum:
392 1711 440 1737 Pis
465 1719 554 1737 sanus
576 1709 656 1747 liert.
654 1711 664 1727 ³
692 1709 788 1737 Moibo
814 1708 1002 1742 detinebatur,

266 1750 375 1787 tiiginta
387 1757 414 1778 et
428 1755 486 1776 octo
500 1759 582 1776 annos
600 1747 714 1776 habebat
737 1748 763 1776 in
778 1748 952 1783 infiimitate,
969 1748 1004 1776 ad

266 1789 396 1828 piscinam
411 1788 602 1826 exspectabat,
622 1794 650 1814 nt
666 1787 789 1815 ιιιυι])ιιιῃ
803 1787 962 1826 deponeret,
980 1795 1006 1816 et

267 1829 413 1866 inteirogat
429 1827 524 1862 illum,
537 1828 586 1855 lis
600 1837 689 1854 sanus
696 1827 785 1865 fieri.
782 1830 792 1847 ³
802 1837 861 1864 qius
877 1827 921 1855 ille
933 1829 1005 1855 Deus

265 1867 311 1904 qui
327 1868 489 1904 inteirogat.
483 1866 496 1885 7)
509 1865 580 1893 Audi
594 1865 640 1902 qui
658 1865 837 1893 contiadicis:
851 1866 896 1894 hic
912 1867 1006 1894 Domi-

267 1916 317 1933 nus
332 1916 384 1933 non
400 1913 428 1933 ut
444 1915 568 1942 ignorans
590 1904 756 1941 inteiiogat‚
775 1904 821 1932 sed
849 1911 877 1932 ut
898 1905 1006 1932 omnino

267 1945 359 1973 volens
383 1944 547 1972 curationem
573 1925 878 1981 la1o1r1⁰Siff=001po1is
903 1950 1007 1971 tantum

268 1984 411 2012 infirmitas
422 1983 532 2016 fuisset,
553 1992 603 2009 non
617 1981 730 2009 dixisset
744 1982 876 2009 Dominus
894 1983 1007 2021 pa1aly-

269 2023 321 2051 tico
334 2045 342 2058 ,
372 2024 420 2051 Iis
451 2032 540 2050 sanus
557 2021 629 2060 fieri
642 2024 654 2047 P
677 2021 762 2049 sciens
786 2021 874 2059 ipsum
900 2032 1008 2049 ommno

269 2063 355 2098 v;clle
368 2062 412 2090 sed
426 2061 489 2105 qnia
503 2061 593 2088 anima
606 2071 711 2097 quoque
731 2060 833 2088 morbis
846 2060 1006 2095 laboxmabat

270 2101 331 2130 ideo
355 2100 537 2140 palalyticum
563 2099 726 2137 inteiiogat‚
749 2100 799 2127 lis
819 2100 1003 2138 sanusfieri.
1000 2103 1010 2120 >

271 2141 299 2168 id
313 2147 371 2176 est,
389 2141 460 2168 Cave
473 2150 505 2167 ne
521 2139 591 2166 ulna
606 2149 706 2176 pecces.
724 2139 773 2166 Iis
783 2149 872 2166 sanus
879 2139 946 2176 fieri
956 2138 1010 2166 ³da

272 2190 428 2208 consensum
445 2201 452 2214 ‚
478 2185 502 2206 et
516 2178 607 2216 accipe
630 2177 761 2205 medelam
773 2199 780 2211 ‚
802 2178 863 2214 quia
883 2177 951 2205 nihil
965 2188 1012 2216 per

273 2219 455 2248 necessitatem
469 2228 595 2256 susmpio.
612 2217 670 2255 Ego
684 2217 755 2244 enim
770 2227 830 2244 sum
838 2217 906 2254 ‚qui
919 2227 932 2244 a
943 2217 1012 2245 mul-

274 2260 309 2287 tis
321 2259 398 2286 annis
409 2268 455 2296 per
465 2256 623 2295 proplietam
639 2256 770 2284 clamavi
782 2256 812 2284 Si
821 2257 973 2284 volueritis
986 2263 1013 2284 et
1031 2264 1048 2285 B
1067 2258 1120 2288 >eng
1147 2256 1221 2293 ὑγιὴς
1240 2256 1373 2293 γενέσθαι,
1393 2254 1526 2289 τουτέστι,

275 2299 429 2327 audieritis
442 2307 506 2331 me,
517 2298 594 2323 hona
605 2301 688 2324 terrae
705 2296 884 2323 comedetis
875 2316 882 2327 ,
909 2306 932 2323 ει
948 2305 1012 2323 vero

276 2338 429 2366 nolueritis
441 2346 493 2363 nec
509 2336 671 2369 audieritis,
683 2334 798 2372 gladius
807 2344 860 2362 vos
873 2336 1011 2362 absumet.

277 2377 349 2413 Quia
364 2386 427 2414 ergo
443 2375 521 2403 liberi
543 2373 649 2402 arbitrii
672 2374 773 2402 animal
802 2380 840 2401 est
865 2373 964 2409 homo,
988 2380 1013 2401 ct

309 2481 317 2491 ¹¹
335 2473 409 2503 [Imo
421 2475 460 2497 τοῦ
472 2475 552 2504 Κυρίου
561 2491 568 2499 ,
582 2477 609 2495 ut.
620 2470 683 2495 vidit
693 2470 784 2502 SaviL]

310 2513 321 2529 Ι»
342 2510 431 2543 [ΙιΙΓω
443 2514 616 2545 ’,ταράξωαττῇ
633 2511 688 2534 Ιῐῐιῡ
701 2513 867 2544 παραφυΜττῃ
881 2509 917 2534 ιε]
933 2521 1036 2543 παραφυ-

1057 1714 1158 1749 σαφῶς,
1181 1711 1287 1743 οέλεις’
1278 1710 1353 1748 υγιὴς
1368 1721 1424 1748 γενε
1414 1709 1501 1745 ε’;σοαι
1519 1709 1587 1738 Ἀλλ’
1607 1712 1717 1738 ενταυθα
1733 1709 1827 1741 εὐθέως

1057 1762 1098 1778 επ
1094 1750 1282 1787 ’,λαμβάνονται
1297 1752 1320 1778 οἱ
1337 1749 1468 1777 Ἰουδαίων
1486 1749 1600 1781 παῖδες3
1605 1761 1644 1788 τῳ
1665 1748 1756 1797 Κυρίῳ
1778 1747 1827 1776 λε’-

1057 1801 1159 1827 γοντες·
1176 1791 1198 1817 εἰ
1211 1789 1300 1821 Θεὸς
1287 1801 1319 1823 ην
1331 1790 1344 1816 6
1355 1788 1466 1835 Χριστὸς
1475 1811 1482 1823 ,
1505 1800 1561 1820 πως
1579 1790 1699 1826 ἐπερωτᾷ
1720 1799 1763 1816 τον
1775 1799 1828 1815 πα-

1060 1828 1178 1877 ράλυτον,
1190 1827 1283 1860 Οελεις
1296 1827 1377 1877 ὑγιὴς
1387 1839 1444 1864 γενε
1434 1827 1523 1855 5’·σ6αι
1517 1849 1524 1861 ,
1536 1828 1579 1864 Τῇ
1594 1827 1662 1866 νόσῳ
1677 1825 1828 1875 συνείχετο
1820 1848 1828 1860 ,

1059 1867 1201 1905 τριάκοντα
1220 1867 1264 1894 καὶ
1280 1866 1348 1894 ὂκτω
1364 1866 1408 1900 ἔτη
1436 1869 1503 1903 εἶχεν
1529 1867 1554 1894 ἐν
1573 1868 1605 1903 τῇ
1630 1856 1778 1903 οἷ’ῤῥωστία·
1794 1866 1828 1902 τῇ

1059 1905 1230 1953 κολυμβηθρα
1245 1905 1401 1942 παρέμενεν,
1422 1904 1464 1931 ἵνα
1485 1904 1515 1932 τὸ
1537 1903 1618 1936 πάθος
1635 1904 1830 1951 ἀποῤῥίψηται,

1059 1944 1242 1991 καὶέπερυτᾷ
1242 1942 1670 1980 τοῦτον,Θέλειςὺγιὴςγενέσθαι,
1680 1942 1830 1974 ποῖοςΘεὸς

1060 1986 1074 2012 6
1095 1984 1214 2022 ε’ρωτῶν;
1232 1982 1345 2010 ἩΑκουε
1336 1995 1349 2010 ο
1364 1982 1517 2019 ἀντιλέγων.
1534 1981 1666 2010 Ἐνταυθα
1687 1984 1701 2010 6
1722 1981 1832 2020 Κύριος,

1061 2034 1088 2050 ου
1091 2034 1110 2070 7
1136 2024 1170 2054 ὡς
1194 2023 1292 2060 ἀγνοῶν
1310 2023 1447 2060 ἐπερωτᾷ,
1473 2021 1579 2053 ἀλλ’ὡς
1601 2020 1644 2049 διὰ
1666 2020 1770 2048 πάντων
1785 2020 1833 2055 τὴν

1062 2061 1198 2099 διορΟωσιν
1222 2060 1378 2100 βουλόμενος
1401 2059 1570 2098 χαρίσασθαι.
1589 2060 1622 2088 Εἰ
1642 2062 1687 2088 τοῦ
1710 2058 1833 2108 σώματος

1063 2100 1141 2137 μόνου
1155 2102 1171 2134 ἡ
1188 2099 1307 2127 ἀσθένεια
1324 2102 1365 2133 ἠν,
1378 2101 1425 2127 οὐκ
1437 2099 1466 2126 ἂν
1479 2099 1565 2147 ἔλεγεν
1575 2101 1588 2127 6
1598 2098 1697 2148 Κύριος
1712 2098 1776 2136 πρὸς
1789 2097 1832 2126 τὸν

1062 2139 1224 2177 παράλυτον,
1239 2138 1354 2170 Θέλειςε
1345 2137 1419 2176 υγιης
1444 2138 1578 2175 γενέσθαι;
1594 2137 1668 2169 εἰδὼς
1681 2136 1720 2165 ὁ’τι
1737 2137 1805 2165 θέλει
1821 2137 1834 2165 ὃ

1065 2181 1091 2206 05
1086 2178 1145 2206 λει·
1162 2178 1221 2205 ἀλλ’
1247 2177 1337 2211 ἐπειδὴ
1355 2179 1474 2215 ψυχικῶν
1490 2176 1665 2214 πταισμάτων
1678 2179 1710 2210 ἠν
1724 2175 1835 2210 ὀλίσθη-

1068 2228 1118 2254 μα,
1132 2217 1223 2244 τούτου
1233 2217 1319 2244 ε’νεκεν
1332 2217 1452 2254 ἐπερωτα
1463 2216 1506 2244 τὸν
1516 2215 1675 2263 παράλυτον
1678 2215 1771 2253 λέγων,
1782 2214 1834 2243 Θέ-

1547 2254 1641 2292 ι’παρα
1662 2253 1756 2282 ύλαττε
1784 2253 1836 2281 ἀπὸ

1066 2298 1111 2323 τοῦ
1126 2296 1218 2324 λοιποῦ
1247 2294 1284 2332 μὴ
1307 2294 1476 2332 ἁμαρτάνειν.
1497 2293 1614 2325 Θέλεις“
1605 2305 1647 2330 υγι
1668 2304 1679 2324 ς
1697 2292 1834 2330 γενέσθαις

1068 2335 1110 2366 δὸς
1126 2334 1173 2369 τὴν
1189 2333 1388 2372 συγκατάθεσιν,
1413 2345 1457 2362 και
1479 2333 1544 2361 M&
1568 2331 1650 2366 τὴν”
1641 2342 1722 2359 ιασιν·
1746 2331 1836 2365 ἐπειδὴ

1068 2373 1138 2402 ονδὲν
1151 2374 1251 2411 ἀνάγκη
1280 2373 1452 2411 μετέρχομαι.
1467 2370 1538 2408 Ἐγυ
1560 2370 1610 2409 γάρ
1630 2371 1685 2407 εἶμι
1702 2372 1716 2399 6
1733 2369 1777 2398 διὰ
1792 2381 1837 2399 του

1087 2475 1168 2497 >irre-1
1182 2472 1190 2502 ]
