1906 2866
294 194 362 239 548
649 209 676 231 s.
704 209 843 233 somnis
870 209 1048 232 cunrsosr.

291 274 342 302 tes,
357 273 403 295 aut
418 274 553 306 tamqnam
570 279 584 297 a
600 270 678 298 nobis
703 270 807 308 aliquid
828 271 966 299 afferentes
981 277 1025 298 at-

290 324 342 351 quc
355 313 538 351 admiscentes,
554 315 598 343 sed
615 317 778 355 Tamquam
792 328 828 344 ιιι·
842 318 924 349 Deo;
935 316 962 344 id
978 322 1026 347 est,

291 369 342 387 non
361 359 477 387 dicimus
497 371 544 389 nos
565 361 671 399 aliquid
693 369 813 390 nostrum
836 361 957 398 elargiri,
981 360 1026 388 sed

291 405 377 433 Deum
400 406 488 434 omnia
501 406 622 443 dcdisse;
641 408 690 435 hoc
702 408 773 435 enim
793 408 843 435 sibi
866 408 923 436 vult
944 405 1025 442 illud,

289 452 339 479 EJ:
353 452 431 484 De0;
448 458 477 480 nt
491 463 541 480 non
557 453 703 491 gloriemur
717 453 791 490 quasi
808 453 911 489 aliquid
926 451 1025 479 habea-

289 506 362 532 mus,
384 497 429 525 sed
444 497 532 527 omnia
552 498 604 537 ipsi
619 499 775 533 referentes,
797 500 833 525 In
848 498 963 525 Christo
979 497 1025 524 lo-

288 544 422 579 quimum
434 552 484 570 non
501 550 588 571 nostra
603 543 743 582 sapientia,
755 541 800 570 sed
816 542 891 569 illius
906 541 1023 580 potentia

287 586 382 617 afflati,
400 587 454 623 Qui
471 593 558 615 antem
574 587 736 624 gloriantur,
750 596 803 614 non
823 586 857 614 ad
881 586 953 614 hunc
967 597 1023 615 mo-

288 633 354 662 dum
373 644 400 662 se
421 641 532 671 gerunt,
557 644 651 662 verum
671 633 783 672 perinde
797 644 827 661 ac
850 633 872 662 si
893 634 1024 672 aliquida

288 680 381 718 seipsis
395 681 515 708 afferant.
532 679 611 707 Unde
627 679 707 707 ctiam
721 690 764 707 eos
776 679 828 707 alio
843 679 901 708 loco
916 679 957 708 liis
968 691 1025 709 ver·
1039 684 1057 706 B

138 731 158 747 ¹·
172 725 277 754 θῦν-4η·
288 725 330 752 bis
345 726 466 758 traducit,
485 726 562 763 Quid
575 727 652 753 enim
673 726 772 762 habes,
789 727 868 764 quod
888 737 947 754 non
970 737 1023 755 ac—

146 775 278 795 virinsnm-
288 773 417 808 ceperis?
440 771 472 799 Si
493 777 590 798 autem
616 772 767 809 accepisti,
796 773 868 810 quid
889 773 1025 811 gloriaris

136 813 277 856 ἷζᾞᾋᾞὲᾞ]
288 818 373 854 quasi
392 827 449 843 mm
470 818 638 855 acceperis?
656 817 719 845 Haec
739 819 857 846 maxima
872 819 958 847 virtus
973 825 1021 854 est,

137 867 196 887 here.
286 861 374 890 omnia
390 862 446 890 Deo
460 862 612 890 adscribere
622 885 631 899 ,
647 863 715 891 nihil
730 874 810 892 suum
832 875 887 892 esse
910 864 1023 901 ducere,

284 907 353 935 nihil
371 908 462 945 gloriae
478 908 601 936 humana=
614 919 691 937 causa
704 910 800 947 facere,
814 910 859 939 sed
874 911 1023 940 secundum

286 954 334 982 Dei
350 955 514 984 voluntatem
529 968 535 983 :
551 956 596 984 hic
613 957 684 985 enim
699 965 748 995 est,
765 958 811 995 qui
826 958 889 987 vitae
903 965 967 986 actae
979 969 1023 987 ra-

285 1000 367 1029 tiones
381 1008 523 1029 exacturus
535 1008 582 1031 cst.
600 1003 678 1031 Nunc
692 1014 754 1032 vcro
768 1004 805 1032 rei
820 1003 884 1032 ordo
899 1004 1022 1033 inversus

284 1053 322 1074 est
336 1058 342 1073 ε
357 1054 436 1085 atque
449 1047 526 1076 illum
540 1048 649 1086 quidem
663 1050 711 1087 qui
726 1061 775 1088 pro
790 1049 918 1078 tribunali
937 1061 1023 1079 sessu-

285 1102 348 1130 rus,
364 1102 394 1120 ac
408 1092 522 1121 rationes
544 1094 707 1133 repetiturus
722 1102 772 1133 est,
789 1106 842 1124 non
866 1096 946 1125 valde
969 1107 1024 1124 me-

284 1137 400 1174 tuimus;
417 1148 460 1166 eos
476 1145 576 1176 autem,
593 1140 639 1177 qni
652 1141 794 1169 nobiscum
816 1141 924 1170 stabunt
936 1152 967 1170 ac
979 1142 1021 1180 jn-

285 1182 387 1211 dicium
403 1184 521 1213 subituri
534 1193 606 1220 suut,
623 1188 834 1225 expavescimus.
848 1187 926 1216 Unde
939 1188 1024 1227 igitur
1039 1186 1057 1209 C

284 1228 328 1256 hic
351 1229 483 1257 morbus?
504 1230 576 1258 unde
597 1231 624 1259 in
648 1239 750 1261 nostras
778 1233 881 1261 animas
904 1234 1023 1262 invasit?

284 1274 353 1302 Hinc
364 1275 492 1303 nimirum
502 1298 509 1311 ,
522 1276 594 1313 quod
609 1286 661 1305 non
675 1277 781 1306 assidue
797 1290 838 1307 res
856 1279 916 1308 illas
934 1280 1023 1309 animo

284 1319 444 1356 volutemus,
457 1320 503 1349 sed
514 1322 690 1360 praesentibus
702 1323 778 1351 affixi
792 1331 939 1353 teneamur.
954 1327 1024 1355 llinc

284 1366 326 1402 fit,
338 1372 366 1393 ut
380 1372 405 1393 et
424 1366 451 1394 in
472 1367 598 1395 exitiosas
620 1368 735 1397 actiones
749 1369 827 1397 facile
838 1370 1022 1409 prolabamur,

284 1417 310 1438 et
323 1411 344 1438 si
359 1410 424 1448 quid
442 1411 504 1439 boni
517 1412 632 1450 agimus,
647 1414 830 1443 ostentationis
847 1425 926 1444 causa
942 1417 1023 1445 facia-

285 1467 354 1491 mus,
371 1464 450 1495 atque
471 1458 500 1486 id
519 1469 623 1497 quoquc
640 1459 666 1487 in
680 1460 870 1489 detrimentum
890 1462 967 1491 nobis
982 1474 1023 1491 ce-

173 1511 215 1530 Dei
226 1518 275 1530 ocu·
285 1501 341 1530 dat.
361 1502 501 1540 Siquidem
514 1503 584 1533 vidit
604 1505 716 1533 sortasse
731 1506 864 1545 quispiam
878 1507 1023 1546 impudicis

133 1541 187 1592 ¹:¹¹2
212 1548 275 1561 '‘mu‘'
285 1548 370 1576 oculis
385 1549 537 1585 mulierem,
553 1560 600 1578 nec
618 1550 645 1578 id
660 1558 705 1579 aut
731 1552 828 1580 mulier
841 1563 899 1590 quae
914 1564 1023 1593 conspe-

159 1581 169 1598 *
192 1587 197 1591 ’
285 1600 326 1622 cta
347 1600 396 1630 est,
417 1595 496 1622 antii
517 1595 563 1632 qui
582 1606 633 1623 una
649 1596 854 1634 gradiebantur,
870 1606 1024 1635 senseruut;

284 1650 377 1667 verum
399 1640 507 1668 oculum
529 1641 608 1669 illum
630 1643 789 1680 pervigilem
810 1643 920 1672 minime
942 1645 1021 1684 fugit.

284 1686 353 1714 Nam
371 1686 416 1714 ille
431 1687 506 1725 prius
521 1687 601 1715 ctiam
618 1699 697 1726 quam
712 1697 851 1728 peccatum
875 1691 1023 1721 admissum
1041 1694 1059 1716 D

284 1738 364 1766 esset,
386 1732 550 1771 impudicam
573 1733 690 1762 animam
705 1741 730 1762 et
753 1735 887 1765 internum
906 1738 1023 1766 furorem

284 1784 309 1804 et
323 1777 494 1816 cogitationes
508 1779 535 1806 in
550 1785 706 1817 tempestate
716 1791 747 1808 ac
761 1781 879 1819 procella
895 1793 950 1811 sese
963 1794 1024 1812 con-

284 1823 422 1851 volventes
435 1824 581 1862 perspexit.
596 1826 689 1862 Neque
705 1826 776 1854 enim
793 1828 908 1856 testibus
923 1835 947 1856 et
961 1840 1023 1858 con-

281 1868 393 1907 jecturis
416 1869 462 1896 ille
486 1879 554 1907 opus
578 1870 677 1907 habet,
703 1871 746 1899 cui
772 1872 860 1901 onmia
886 1874 1023 1913 explorata

285 1921 354 1942 sunt.
369 1914 502 1950 Quocirca
517 1925 549 1942 ne
571 1915 663 1943 oculos
677 1916 709 1945 ad
726 1927 867 1946 conservos
886 1925 945 1947 tuos
964 1931 1025 1948 con-

285 1967 373 1988 vertas
393 1971 475 1989 :nam
496 1960 599 1988 etiamsi
620 1961 700 1989 homo
717 1962 819 1999 laudet,
842 1963 911 1992 nihil
936 1972 1022 1995 tamen

285 2005 336 2033 hoc
346 2005 465 2044 prodest,
478 2016 539 2033 cum
552 2007 623 2034 Deus
634 2017 686 2034 non
699 2008 845 2046 approbat,
859 2019 906 2037 nec
920 2010 943 2037 si
958 2021 1021 2039 con—

285 2051 392 2079 denmet
407 2051 498 2085 homo,
515 2051 663 2089 quidquam
686 2053 749 2081 hinc
771 2054 927 2083 detrimenti
943 2057 1023 2093 redit,

286 2107 347 2125 cnm
362 2097 435 2125 Deus
445 2107 497 2125 non
509 2097 674 2126 condemnat.
687 2099 727 2126 'Ne
743 2099 791 2127 hac
806 2111 911 2138 quoque
921 2102 1023 2131 ratione

282 2142 402 2180 judicem
418 2142 453 2170 ad
473 2142 639 2171 iracundiam
662 2144 788 2182 concites,
803 2145 869 2174 dum
884 2157 1024 2177 conservo-
1041 2145 1058 2168 E

286 2199 345 2216 rum
360 2188 469 2226 quidem
485 2199 609 2227 magnam
631 2189 760 2218 rationem
781 2191 863 2220 habes
874 2215 881 2226 ‚
898 2193 956 2232 ipso
971 2205 1023 2222 au-

285 2240 339 2261 tem
363 2234 536 2272 indignante,
549 2245 596 2263 nec
615 2242 686 2263 metu
702 2246 748 2264 nec
770 2244 883 2267 tremore
899 2239 1022 2269 afficeris.

286 2279 375 2314 Quare
385 2279 493 2308 landem
508 2290 577 2315 eam,
590 2291 648 2318 quae
664 2281 698 2309 ab
710 2281 864 2312 hominibus
876 2286 1022 2324 proficisci-

287 2332 341 2361 tur,
357 2331 564 2353 contemnamus.
580 2326 726 2364 Quousque
738 2329 844 2357 tandem
856 2330 924 2359 viles
937 2338 962 2359 et
976 2332 1022 2360 ab·

283 2371 347 2410 jecti
365 2370 486 2399 erimus?
499 2382 636 2409 quousque
649 2373 705 2401 Deo
722 2373 755 2401 ad
769 2375 863 2403 caelnm
875 2386 923 2404 nos
944 2377 1020 2405 attol-

287 2417 370 2452 lente,
387 2416 438 2455 ipsi
461 2416 537 2445 humi
565 2427 668 2456 serpere
692 2420 899 2449 contendemus?
918 2422 1024 2451 Fratres

286 2462 411 2502 Josephi,
426 2462 450 2491 si
465 2462 514 2490 Dei
537 2462 661 2492 timorem
675 2471 736 2493 ante
749 2467 840 2496 oculos
856 2467 1022 2507 habuissent,

139 2424 195 2444 Gen.
208 2421 246 2450 37.

321 2569 331 2580 '⁶
351 2567 356 2600 1
373 2571 454 2596 ἐκαὶ-μην
468 2575 546 2599 marg.
557 2568 646 2599 savit]

1079 209 1095 230 Α
1103 210 1218 232 nonme
1225 224 1232 231 ·
1263 210 1529 234 CONSTANTINOP.

1082 281 1128 306 μεν
1140 270 1180 298 ὅτι
1197 269 1296 298 οἴκοθέν
1311 271 1516 309 τιχαριζόμεθα,
1533 272 1590 300 ἀλλ’
1601 272 1640 301 ὅτι
1657 273 1743 302 πάντα
1753 276 1766 303 ὁ
1778 274 1846 308 Θεὸς

1080 314 1160 341 ἔδωκε
1173 326 1178 331 ·
1193 318 1268 342 τοῦτο
1283 315 1333 354 γάρ
1348 318 1403 344 ἐστι
1419 316 1460 351 τὸ,
1476 316 1525 345 Ἐκ
1539 318 1608 346 Θεοῦ
1621 329 1627 335 ·
1643 317 1672 346 τὸ
1687 319 1767 355 μηδὲν
1782 332 1844 349 καυ-

1079 362 1177 397 χᾶσθαι
1192 361 1226 392 ὡς
1238 359 1302 389 ἴδιον
1315 361 1437 400 ἔχοντας,
1451 362 1519 390 ἀλλὰ
1532 363 1618 391 πάντα
1634 365 1669 396 εἷς
1683 364 1760 392 αὐτὸν
1782 368 1845 393 ἀνα-

1080 405 1174 443 φέρειν.
1190 404 1236 434 Ἐν
1254 407 1361 446 Χριστῷ
1372 408 1500 446 λαλοῦμεν
1514 419 1520 425 ·
1536 408 1608 437 οὐδὲν
1624 411 1655 444 τῇ
1671 409 1787 448 ἡμετέρᾳ
1802 422 1846 439 σο-

1080 449 1138 488 φίᾳ,
1154 451 1220 478 ἀλλὰ
1235 453 1267 489 τῇ
1288 453 1350 491 παρ’
1372 453 1469 481 ἐκείνου
1493 453 1601 491 δυνάμει
1618 454 1797 493 ἐνηχούμενοι.
1809 456 1844 483 Οἱ

1078 494 1104 523 δὲ
1120 495 1303 534 καυχώμενοι,
1323 499 1372 537 οὐχ
1391 498 1488 535 οὕτως,
1506 501 1563 528 ἀλλ’
1577 501 1612 532 ὡς
1626 501 1688 538 παρ’
1705 502 1803 528 ἑαυτῶν
1818 512 1845 528 τι

1077 541 1246 581 εἰσφέροντες.
1264 544 1312 572 Διὸ
1323 544 1367 572 καὶ
1381 547 1497 584 ἀλλαχοῦ
1512 545 1603 578 αὐτοὺς
1616 546 1738 585 κωμῳδεῖ
1751 546 1844 585 λέγων,

1077 586 1113 613 Τί
1124 586 1174 626 γὰρ
1189 587 1266 626 ἔχεις,
1278 589 1291 617 ὃ
1307 590 1352 617 οὐκ
1365 589 1472 625 ἔλαὸες;
1486 592 1519 619 Εἰ
1532 591 1557 620 δὲ
1570 591 1615 620 καὶ
1629 591 1730 627 ἔλαδες,
1744 591 1770 619 τί
1780 603 1843 620 καυ-

1076 637 1172 670 χᾶσαι,
1186 636 1221 666 ὡς
1233 634 1268 671 μὴ
1281 635 1369 664 λαὸών
1381 648 1388 671 ;
1399 636 1472 671 Αὕτη
1487 637 1596 675 μεγίστη
1610 637 1700 675 ἀρετὴ,
1716 638 1746 666 τὸ
1757 637 1843 666 πάντα

1077 680 1113 717 τῷ
1129 680 1190 718 Θεῷ
1202 680 1350 709 ἀνατιθέναι
1360 704 1368 717 ,
1382 682 1412 711 τὸ
1428 682 1508 719 μηδὲν
1523 684 1615 710 οἰκεῖον
1637 678 1703 711 εἶναι
1714 683 1843 720 νομίζειν,

1077 724 1106 752 τὸ
1122 724 1202 762 μηδὲν
1214 726 1278 763 πρὸς
1293 727 1435 765 ἀνθρώπων
1451 727 1525 760 δόξαν
1538 732 1635 763 ποιεῖν,
1650 728 1718 756 ἀλλὰ
1734 728 1798 768 πρὸς
1813 728 1843 756 τὸ

1076 771 1113 808 τῷ
1126 770 1187 808 Θεῷ
1202 771 1290 800 δοκοῦν
1303 783 1309 789 ·
1324 768 1396 803 οἶτος
1409 772 1459 811 γάρ
1474 774 1543 802 ἐστιν
1558 775 1571 801 ὁ
1585 772 1632 806 τὰς
1643 773 1747 806 εὐθύνας
1764 775 1843 802 ἀπαι-

1076 817 1137 844 τῶν.
1154 817 1207 844 Νῦν
1222 816 1248 845 δὲ
1263 820 1279 852 ἡ
1294 817 1364 851 τάξις
1387 818 1581 857 ἀντέστραπται
1594 831 1600 836 ·
1617 819 1662 847 καὶ
1680 819 1724 847 τὸν
1740 818 1786 857 μὲν
1799 819 1842 847 ἐπὶ

1076 865 1120 890 τοῦ
1136 862 1253 899 βήματος
1272 862 1439 901 καθιούμενον
1451 886 1458 900 ,
1474 864 1519 892 καὶ
1538 864 1585 896 τὰς
1606 864 1711 896 εὐθύνας
1731 864 1843 899 ἀπαιτή-

1076 919 1154 936 σοντα
1176 911 1204 937 οὐ
1231 909 1330 948 σφόδρα
1355 910 1522 948 δεδοίκαμεν,
1547 909 1607 943 τοὺς
1633 910 1660 939 δὲ
1686 912 1742 948 μεθ’
1766 912 1842 946 ἡμῶν

1076 955 1190 987 ἑστῶτας
1204 955 1249 983 καὶ
1263 956 1428 994 κρινομένους
1443 956 1593 995 φρίττομεν.
1607 958 1691 986 Πόθεν
1707 951 1749 986 οῦν
1764 959 1780 992 ἡ
1795 956 1842 985 νό-

1075 1011 1119 1032 σος
1133 1000 1198 1035 αῦτη
1210 1013 1216 1036 ;
1232 1001 1308 1030 πόθεν
1323 1003 1358 1034 εἶς
1373 1001 1419 1034 τὰς
1431 1001 1560 1040 ἡμετέρας
1574 1001 1725 1042 κατέσκηψε
1739 1003 1842 1042 ψυχάςς

1075 1046 1138 1074 Ἀπὸ
1151 1049 1195 1075 τοῦ
1217 1047 1252 1084 μὴ
1271 1048 1396 1082 διηνεκῶς
1410 1048 1443 1075 τὰ
1464 1049 1516 1076 ἐκεῖ
1537 1047 1697 1086 λογίζεσθαι,
1712 1048 1779 1078 ἀλλὰ
1790 1054 1843 1081 τοῖς

1076 1095 1187 1130 παροῦσι
1202 1093 1397 1131 προσηλῶσθαι.
1411 1093 1545 1121 Ἐντεῦθεν
1558 1093 1602 1121 καὶ
1613 1095 1639 1122 ἐν
1651 1099 1707 1127 ταῖς
1718 1099 1842 1133 πονηραῖς

1077 1137 1185 1175 πράξεσι
1196 1138 1307 1170 εὐκόλως
1321 1138 1452 1175 πίπτομεν
1465 1151 1469 1155 ·
1483 1137 1530 1166 κᾶν
1544 1138 1638 1176 ἀγαθόν
1654 1151 1679 1167 τι
1693 1139 1842 1178 πράξωμεν,

1077 1183 1140 1220 πρὸς
1158 1182 1279 1216 ἐπίδειξιν
1296 1186 1433 1220 ποιοῦμεν,
1447 1182 1515 1211 ὥστε
1538 1186 1674 1212 κάντεῦθεν
1691 1187 1753 1222 ἡμῖν
1770 1185 1842 1222 γίνε-

1079 1230 1137 1256 σθαι
1151 1227 1198 1262 τὴν
1211 1228 1316 1266 ζημίαν.
1332 1224 1393 1256 Ιίἶδε
1404 1231 1463 1266 γοῦν
1478 1241 1517 1261 τις
1534 1229 1688 1262 ἀκολάστοις
1702 1231 1844 1268 ὀφθαλμοῖς

1077 1285 1135 1301 τινα
1152 1274 1291 1309 πολλάκις,
1306 1273 1350 1302 καὶ
1365 1273 1438 1302 ἔλαθε
1458 1273 1503 1302 καὶ
1517 1274 1563 1308 τὴν
1582 1276 1702 1313 ὀφθεῖσαν
1725 1276 1769 1304 καὶ
1784 1275 1843 1309 τοὺς

1078 1318 1283 1355 συμῧαδίζοντας
1304 1330 1310 1336 ·
1338 1319 1404 1347 ἀλλὰ
1435 1319 1478 1347 τὸν
1510 1319 1651 1357 ἀκοίμητον
1682 1321 1728 1349 οὐκ
1751 1321 1842 1350 ἔλαθεν

1077 1364 1217 1402 ὀφθαλμόν.
1231 1364 1346 1396 Ἐκεῖνος
1361 1364 1466 1403 γὰρκαὶ
1487 1364 1547 1404 πρὶν
1563 1365 1579 1399 ἢ
1592 1365 1638 1401 τὴν
1650 1366 1780 1406 ἁμαρτίαν
1795 1368 1842 1407 ἐρ-

1077 1409 1219 1447 γάσασθαι,
1235 1405 1285 1437 εἶδε
1310 1409 1357 1444 τὴν
1382 1410 1467 1448 ψυχὴν
1487 1410 1534 1444 τὴν
1553 1410 1712 1446 ἀκόλαστον,
1735 1412 1780 1440 καὶ
1794 1413 1842 1448 τὴν

1078 1454 1172 1491 μανίαν
1186 1455 1232 1489 τὴν
1244 1455 1324 1489 ἔνδον,
1341 1455 1385 1483 καὶ
1399 1454 1458 1487 τοὺς
1469 1455 1610 1493 λογισμοὺς
1623 1456 1681 1489 τοὺς
1696 1458 1840 1496 στρεφομέ-

1076 1511 1133 1532 νους
1145 1502 1170 1528 ἐν
1186 1500 1251 1538 ζάλῃ
1266 1499 1310 1528 καὶ
1324 1499 1443 1528 κλύδωνι.
1458 1501 1525 1529 Οὐδὲ
1541 1501 1591 1540 γὰρ
1609 1502 1690 1530 δεῖται
1703 1503 1840 1543 μαρτύρων

1077 1546 1121 1574 καὶ
1137 1546 1285 1584 τεκμηρίων
1297 1547 1310 1573 ὁ
1325 1546 1411 1573 πάντα
1433 1545 1515 1578 εἰδώς.
1536 1547 1583 1581 Μὴ
1598 1547 1681 1576 τοίνυν
1703 1548 1767 1587 πρὸς
1782 1549 1841 1582 τοὺς

1078 1591 1229 1623 συνδούλους
1243 1590 1306 1629 ὅρα·
1322 1590 1369 1618 κᾶν
1390 1590 1441 1630 γὰρ
1460 1591 1584 1630 ἐπαινέσῃ
1607 1592 1755 1632 ἄνθρωπος,
1770 1594 1842 1623 οὐδὲν

1078 1637 1180 1675 ὄφελος,
1203 1636 1263 1664 ὅταν
1286 1638 1299 1663 ὃ
1313 1635 1380 1667 Θεὸς
1403 1635 1439 1673 μὴ
1460 1635 1635 1671 ἀποδέξηται·
1651 1638 1699 1666 κᾶν
1721 1642 1843 1678 καταγνῷ

1078 1683 1228 1722 ἄνθρωπος,
1245 1681 1316 1709 οὐδὲν
1332 1681 1444 1719 βλάὸος,
1460 1681 1522 1710 ὅταν
1539 1684 1552 1710 ὁ
1571 1682 1638 1715 Θεὸς
1653 1683 1689 1721 μὴ
1711 1687 1843 1724 καταγνῷ.

1078 1727 1123 1762 Μὴ
1139 1727 1169 1763 δὴ
1184 1727 1266 1765 ταύτῃ
1286 1727 1413 1765 παρόξυνε
1428 1727 1471 1755 τὸν
1488 1727 1613 1763 δικαστὴν
1623 1750 1630 1764 ,
1645 1731 1696 1757 τῶν
1719 1729 1765 1767 μὲν
1782 1741 1844 1758 συν-

1078 1774 1175 1802 δούλων
1195 1773 1275 1802 πολὺν
1297 1773 1449 1811 ποιούμενος
1472 1773 1549 1811 λόγον
1558 1795 1566 1810 ,
1592 1775 1670 1803 αὐτοῦ
1693 1774 1719 1804 δὲ
1744 1777 1842 1814 ἀγανα-

1077 1821 1198 1850 κτοῦντος
1220 1820 1248 1846 οὗ
1270 1817 1391 1849 δεδοικὼς
1406 1819 1451 1846 καὶ
1470 1819 1583 1857 τρέμων.
1596 1820 1842 1859 Καταφρονήσωμεν

1077 1865 1161 1893 τοίνυν
1175 1867 1220 1892 τοῦ
1231 1866 1293 1903 παρ’
1307 1863 1449 1902 ἀνθρώπων
1464 1864 1580 1892 ἐπαίνου.
1596 1865 1686 1904 Μέχρι
1698 1865 1762 1894 πότε
1773 1868 1843 1895 εὐτε-

1077 1911 1130 1943 λεῖς
1150 1910 1194 1938 καὶ
1207 1909 1385 1948 χαμαίζηλοι,
1402 1909 1481 1949 μέχρι
1501 1909 1565 1938 πότε
1579 1913 1623 1938 τοῦ
1638 1912 1707 1939 Θεοῦ
1721 1912 1785 1951 πρὸς
1798 1913 1841 1942 τὸν

1077 1956 1184 1995 οὐρανὸν
1198 1958 1268 1993 ἡμᾶς
1283 1955 1410 1993 αἴροντος,
1424 1955 1496 1984 αὐτοὶ
1510 1955 1597 1994 χαμαὶ
1611 1956 1734 1995 σύρεσθαι
1747 1959 1842 1987 ἐσπου-

1077 2001 1208 2039 δάκαμεν;
1223 2002 1257 2029 Οἱ
1272 2003 1316 2028 τοῦ
1331 2000 1428 2038 Ἰωσὴφ
1443 2000 1548 2039 ἀδελφοὶ
1561 2003 1582 2029 εἰ
1597 2001 1639 2030 τὸν
1657 2005 1702 2031 τοῦ
1714 2004 1783 2032 Θεοῦ
1796 2004 1842 2042 φό-

1078 2047 1122 2075 ὅον
1139 2047 1189 2085 πρὸ
1207 2047 1347 2085 ὀφθαλμῶν
1370 2042 1452 2084 εἶχον,
1469 2048 1504 2079 ὡς
1519 2046 1590 2085 ἔχειν
1610 2048 1664 2084 δεῖ,
1681 2049 1726 2077 οὐκ
1747 2049 1777 2077 ἂν
1801 2051 1841 2078 ἐπ’

1077 2092 1187 2132 ἐρημίας
1207 2092 1250 2120 τὸν
1273 2091 1381 2130 ἀδελφὸν
1402 2091 1526 2124 λαέόντες
1547 2092 1710 2122 ἀπέκτειναν.
1725 2094 1759 2123 Ὁ
1775 2095 1841 2124 Κάϊν

1076 2138 1155 2167 πάλιν
1170 2139 1192 2165 εἰ
1205 2137 1253 2172 τὴν
1268 2138 1352 2175 ψῆφον
1367 2136 1486 2166 *ἐκείνου
1502 2137 1636 2174 ἐδεδοίκει,
1651 2141 1686 2171 ὡς
1700 2140 1842 2168 δεδοικέναι

1077 2184 1143 2219 ἔδει,
1156 2184 1202 2211 οὐκ
1215 2183 1244 2210 ἂν
1258 2178 1328 2216 εἶπε,
1337 2183 1429 2221 Δεῦρο,
1441 2182 1485 2210 καὶ
1498 2182 1641 2221 ἐξέλθωμεν
1656 2185 1692 2216 εἷς
1703 2185 1732 2213 τὸ
1745 2185 1842 2214 πεδίον.

1077 2229 1112 2258 Τί
1126 2229 1189 2268 γὰρ,
1202 2223 1223 2256 ὦ
1238 2228 1305 2256 δειλὲ
1325 2228 1370 2256 καὶ
1387 2228 1537 2267 ταλαίπωρε
1547 2251 1554 2264 ,
1568 2229 1687 2268 χωρίζεις
1708 2231 1784 2259 αὐτὸν
1798 2234 1843 2259 τοῦ

1077 2274 1259 2313 γεγεννηκότος
1272 2273 1316 2301 καὶ
1331 2275 1366 2305 εἰς
1377 2273 1487 2312 ἐρημίαν
1503 2273 1603 2312 ἐξάγεις
1615 2286 1621 2308 ;
1638 2274 1674 2312 μὴ
1686 2275 1737 2314 γὰρ
1750 2278 1763 2304 ὁ
1777 2275 1844 2309 Θεὸς

1078 2322 1127 2359 οὐχ
1138 2322 1186 2359 ὁρᾷ
1198 2319 1242 2348 καὶ
1257 2321 1282 2347 ἐν
1306 2320 1344 2357 τῷ
1361 2318 1442 2357 πεδίῳ
1464 2318 1493 2347 τὸ
1506 2319 1649 2357 τόλμημα;
1665 2319 1717 2348 ἀπὸ
1733 2323 1785 2349 τῶν
1805 2322 1844 2359 τῷ

1078 2370 1158 2408 πατρί
1174 2381 1219 2398 σου
1241 2367 1446 2406 συμδεὸηκότων
1460 2369 1507 2395 οὐκ
1524 2368 1693 2404 ἐπαιδεύθης,
1704 2369 1744 2398 ὅτι
1756 2369 1844 2397 πάντα

1079 2415 1149 2454 οἶδε,
1170 2418 1215 2446 καὶ
1236 2423 1301 2447 πᾶσι
1323 2418 1435 2456 πάρεστι
1457 2422 1510 2449 τοῖς
1531 2417 1692 2455 γινομένοις,
1708 2419 1760 2447 Καὶ
1776 2418 1844 2451 τίνος

1079 2470 1164 2499 ἕνεκεν
1179 2470 1225 2498 οὐκ
1237 2464 1293 2497 εἷπε
1307 2472 1382 2497 τοῦτο
1395 2467 1459 2507 πρὸς
1477 2467 1551 2496 αὐτὸν
1569 2469 1582 2496 ὁ
1597 2467 1663 2500 Θεὸς
1677 2468 1843 2508 ἀρνούμενον,
