1906 2866
272 181 342 225 oso

270 254 380 283 surdam
391 254 560 293 confirmare,
572 263 652 294 atque
666 257 811 296 perniciem
827 268 861 286 ex
876 256 1009 286 immode-

270 300 371 329 ratione
401 308 547 329 nascentem
582 302 691 331 mininie
724 313 843 331 coercere
860 304 872 330 Ξ)
894 310 919 331 ct
943 309 1008 340 quot

270 345 377 374 tandem
392 346 454 374 hinc
467 347 519 375 alia
541 347 710 376 incommoda
729 358 780 376 non
796 355 852 376 orta
874 348 1000 375 fuissent.
994 347 1007 362 '¹

271 392 406 427 Vennum
421 392 546 420 vecordes
560 392 681 421 homines
696 393 702 422 l
716 394 760 430 qui
777 404 838 421 cum
854 393 880 420 iu
896 393 1006 430 crapula

268 438 431 476 reliquisque
446 438 560 466 luxuria:
574 439 716 476 generibus
733 446 868 476 tamquam
883 438 911 465 in
931 448 1006 466 coeno

267 483 432 521 volutemur,
447 484 468 512 si
483 484 593 523 paulum
607 484 776 522 resipuerint,
786 484 854 511 nihil
870 483 946 511 aliud
966 494 1004 511 se-

267 528 359 558 dentes
373 529 472 558 faciunt
483 552 490 564 ,
504 540 584 567 quam
600 536 628 557 ut
642 529 684 556 his
697 528 786 556 verbis
807 535 933 556 utantur:
945 529 1004 556 Cur

266 574 318 603 hoc
334 575 361 603 in
380 575 447 603 lianc
461 585 516 602 rem
528 574 691 602 insumitur?
707 584 768 601 cum
785 580 876 602 contra
896 581 1003 612 peccata

266 620 317 659 ipsi
330 631 376 648 sua
391 630 514 648 accusare
530 619 652 647 debeant.
667 619 735 646 Nam
750 629 798 657 pro
812 630 842 647 eo
856 619 927 657 quod
938 619 978 648 ais
991 631 997 646 ι

266 668 357 702 Quare
379 667 452 693 Deus
471 671 555 693 certos
580 664 645 691 fines
668 664 828 692 constituit?
842 675 926 702 quare
950 675 1002 693 non

264 712 351 739 omnia
362 719 457 739 temere
471 710 611 738 feruntur?
623 710 659 738 ita
671 710 780 748 loquere
792 722 798 738 :
812 711 903 747 Quare
915 711 1003 740 ebrie-

263 757 310 785 tati
326 756 432 785 studere
444 767 495 784 non
509 756 676 784 desinimus?
690 767 771 794 quare
784 767 837 786 non
852 757 1002 786 satiamur?

263 813 343 840 quare
362 802 508 830 animantes
528 802 637 830 rationis
658 809 779 841 expertes
799 802 944 832 stoliditate
957 814 1002 832 su—

627 194 655 217 S.
683 195 822 218 Josxxts
848 195 1028 218 Ctinx'SOST.

1058 196 1198 219 Ancum-:11
1205 211 1212 218 ·
1241 198 1494 223 CONSTAN'HNOP
1501 215 1509 222 ·

1060 257 1175 292 τέθεικε,
1191 258 1234 286 διὰ
1248 258 1274 286 τί
1295 259 1331 296 μὴ
1356 260 1442 289 πάντα
1464 261 1584 295 ἀτάκτως
1604 263 1727 302 φέρεται,
1751 266 1826 301 εἰπὲ,

1063 303 1105 330 διὰ
1120 303 1146 331 τί
1162 315 1198 340 μη
1214 304 1353 342 παυόμεθα
1368 306 1547 343 μεθύοντες
1533 308 1576 336 οιι
1597 309 1623 336 τί
1642 310 1678 347 μὴ
1693 311 1828 347 huetii«,-

1026 361 1044 383 Ε
1063 360 1109 385 μεν
1124 349 1216 388 κόρον;
1240 351 1282 379 διὰ
1297 351 1323 379 τί
1346 354 1398 380 τῶν
1418 352 1519 390 ἀλόγων
1543 354 1605 392 ἐσμὲ
1608 367 1621 382 ν
1644 356 1827 396 οἷνοητότεροι;

1061 395 1155 422 Ταυτα
1168 395 1218 433 γὰρ
1232 395 1285 424 ἔδει
1301 398 1387 432 ζητεῖν
1401 398 1466 437 πρὸς
1481 399 1610 433 ἀλλήλους
1620 422 1627 435 ,
1643 400 1714 429 καὶ
1702 404 1749 436 τ’ῆς
1763 403 1827 430 ἄπο-

1061 441 1182 474 στολικῆς
1205 441 1308 470 ἀκούειν
1324 445 1424 481 φωνῆς,
1448 455 1493 472 και
1519 444 1614 473 εἰδέναι
1635 446 1704 475 πόσα
1727 457 1828 480 τουτοις

1061 490 1188 524 μαρτυρεῖ
1199 486 1231 514 τὰ
1243 487 1328 525 ἀγαθὰ
1339 490 1368 517 ἐκ
1377 491 1424 523 τῆς
1434 489 1612 527 ἐλεημοσύνης
1621 514 1628 526 ,
1641 491 1686 519 καὶ
1698 492 1824 530 ἁρπάζειν

1058 534 1148 559 τοῦτον
1161 531 1204 560 τὸν
1220 533 1357 573 θησαυρόν.
1375 535 1427 562 Καὶ
1440 535 1491 575 γὰρ
1511 535 1632 573 δοκίμους
1648 540 1723 565 τοῦτο
1741 542 1826 573 ποιεῖ,

1059 576 1178 616 καθάπερ
1198 578 1274 610 αυτὸς
1288 578 1384 617 ἔῦησε,
1398 580 1428 608 τὸ
1448 581 1594 620 *χρημάτων
1617 584 1757 621 υπερορᾷν,
1779 583 1826 611 καὶ

1058 621 1101 649 τὸν
1116 621 1183 650 Θεὸν
1199 621 1348 655 δοξάζεσθαι
1365 624 1573 661 παρασκευάζει,
1585 636 1629 652 και
1644 625 1750 663 ἀγάπην
1762 628 1824 664 θερ-

1059 666 1159 704 μαίνει,
1171 678 1216 695 και
1231 667 1453 706 μεγαλοὶιυχους’
1441 681 1469 707 ερ
1471 668 1593 707 γᾶζεται,
1604 681 1649 697 και
1669 670 1755 708 ἱερέας
1776 683 1824 700 κα·

1059 711 1164 746 θίστησι
1185 713 1230 741 καὶ
1252 713 1394 752 ἱερωσύνην
1417 713 1497 742 πολὺν
1517 714 1645 753 φέρουσαν
1661 714 1704 743 τὸν
1722 717 1824 753 μισθόν.

1058 756 1093 785 ‘O
1107 757 1158 812 γὰρ
1174 757 1292 795 ἐλεήμων
1307 759 1335 786 οὗ
1350 759 1452 797 ποδήρη
1467 759 1600 788 ἐνδέόυται
1610 783 1618 796 ,
1629 760 1687 789 οὐδὲ
1701 760 1826 794 κώδωνας

1014 814 1090 845 531πε
1095 815 1151 841 ριρε
1155 815 1204 841 ρει,
1220 803 1277 831 ουδὲ
1292 815 1417 842 στεφανον
1434 805 1581 840 ἀναδεῖται,
1594 805 1662 834 oth&
1677 806 1825 842 ἄναὸέὸλη-

263 849 407 887 peranius?
422 848 485 876 Haec
501 848 571 876 enim
587 859 631 877 eos
644 849 712 877 inter
728 860 755 877 sc
770 860 887 887 quaerere
903 860 1003 879 conve-
1023 857 1042 877 A
1058 860 1102 876 ται
1119 848 1151 885 μὲ
1153 860 1166 876 ν
1180 850 1227 882 τῆς
1238 849 1434 888 mhttfspumizq
1445 850 1550 884 στολὴν,
1571 851 1618 884 τῆς
1632 852 1704 889 ἱερᾶς
1717 853 1825 886 ἐσθῆτος

262 894 360 931 niebat,
376 901 455 932 atque
470 895 651 933 apostolorum
666 905 759 923 vocem
777 895 882 931 audire,
894 907 1003 936 perspe-

261 949 388 980 ctumque
404 942 501 971 habere
511 950 640 981 quotnam
659 942 700 971 his
714 943 781 972 viris
796 943 865 971 bona
882 954 916 972 ex
930 944 1001 973 elee-

261 998 371 1027 mosyna
401 988 465 1016 oriri
493 995 617 1024 testetur,
639 995 718 1027 atque
745 989 819 1018 hunc
845 989 1002 1019 thesaurum

260 1034 412 1073 przeripere.
426 1034 483 1063 Hoc
495 1035 576 1072 enim,
591 1045 685 1074 nempe
701 1035 827 1074 pecunias
841 1036 979 1074 aspernari
991 1059 1000 1074 ,

259 1081 374 1119 probos,
391 1088 419 1109 ut
439 1081 473 1109 ab
490 1091 520 1109 eo
536 1081 638 1109 dictum
657 1088 711 1118 est,
727 1081 850 1110 homines
864 1080 965 1117 reddit,
977 1089 1002 1110 et

260 1132 289 1153 ut
306 1126 356 1153 Dei
379 1126 464 1165 gloria
479 1127 638 1164 celebretur,
651 1126 745 1161 efficit,
762 1133 787 1155 et
808 1126 948 1155 caritatem
963 1127 1002 1156 in-

259 1170 386 1206 flammat,
397 1179 422 1200 et
437 1171 651 1210 magnitudinem
665 1172 748 1200 animi
763 1171 858 1210 gignit,
871 1179 896 1200 et
913 1183 1001 1201 sacer-

258 1216 333 1245 dotes
348 1218 484 1246 eonstituit
495 1218 642 1246 sacerdotio
656 1218 809 1256 fungentes,
823 1218 898 1255 quod
910 1218 1002 1257 ingen-

259 1269 312 1290 tem
344 1263 492 1292 mercedem
518 1263 621 1292 afferat.
648 1264 719 1291 Nam
748 1263 796 1300 qui
825 1264 1001 1303 eleemosynae

258 1308 395 1337 studiosus
407 1315 454 1344 est,
469 1319 521 1337 non
536 1309 582 1336 ille
598 1308 708 1346 quidem
725 1308 803 1336 talari
826 1316 899 1337 veste
914 1309 1000 1337 indu—

258 1361 300 1382 tus
318 1361 372 1391 est,
386 1365 433 1383 nec
455 1354 635 1383 tintinnabula
658 1355 828 1390 circumfert,
843 1365 890 1383 nec
906 1366 1002 1384 corona

258 1399 399 1428 redimitus
417 1407 473 1436 est,
488 1410 582 1428 verum
598 1399 780 1428 beneficentiae
795 1400 871 1436 stola,
885 1411 943 1438 quae
960 1411 1003 1429 sa—

258 1458 329 1475 cram
341 1447 417 1475 illam
430 1454 531 1475 vestem
545 1448 684 1475 sanctitate
695 1454 809 1485 superat,
821 1448 934 1476 Vestitus
946 1455 984 1476 est
994 1471 1001 1485 ‚

257 1493 367 1530 oleoque
381 1493 530 1526 delibutus,
543 1503 594 1521 non
610 1503 644 1520 ex
657 1493 768 1520 materia
785 1503 842 1530 quze
856 1493 884 1521 in
895 1503 1002 1522 sensum

257 1537 351 1573 cadat,
373 1538 419 1566 scd
433 1549 446 1567 a
463 1538 567 1577 Spiritu
589 1538 698 1574 effecto;
720 1548 846 1566 coronam
861 1549 876 1566 a
892 1539 1001 1567 commi-

256 1584 385 1612 seratione
405 1591 557 1612 contextam
578 1583 676 1620 habet3
696 1583 733 1611 ait
747 1583 819 1611 enim
842 1583 999 1622 Scriptura:

103 1631 170 1652 Psal.
194 1638 244 1652 ¹⁰2·
260 1631 316 1667 Qui
333 1636 453 1658 coronat
463 1636 490 1658 te
501 1632 532 1657 in
547 1630 749 1658 misericordia
763 1636 791 1657 et
805 1631 1002 1658 miserationi-

101 1665 127 1689 4.

257 1678 308 1705 Ims
320 1689 328 1704 .-
339 1687 369 1704 ac
385 1687 433 1715 pro
452 1676 551 1704 lamina
566 1676 617 1703 Dei
640 1685 736 1703 nomen
760 1682 862 1713 gestat,
880 1675 934 1703 imo
952 1675 1000 1703 Dei

102 1728 187 1749 ,unuln
206 1729 227 1750 5.
254 1722 460 1750 similitudinem
489 1721 648 1759 assequitur.
669 1721 835 1755 Quomodo?
859 1721 997 1755 Similes,

101 1759 141 1785 45.

96 2236 132 2257 14,
147 2236 169 2258 6.
182 2238 204 2259 6.

253 1767 352 1805 inquit,
368 1770 448 1796 eritis
461 1769 548 1795 Patri
568 1773 668 1795 ‘vestro
683 1770 733 1805 qui
748 1769 779 1794 in
795 1768 874 1795 caelis
885 1773 937 1795 est.

293 1818 321 1844 5.
354 1817 439 1845 Visne
462 1817 543 1844 etiam
569 1815 654 1855 ipsius·
678 1816 762 1843 altare
789 1815 907 1843 intueri.o
934 1816 995 1844 Non

251 1862 321 1891 illud
340 1862 471 1896 Beseleel,
489 1873 542 1890 non
560 1862 633 1889 ullus
653 1861 750 1889 artifex
764 1861 833 1889 alius
848 1862 999 1895 exstruxit,

251 1908 298 1936 sed
312 1909 384 1936 Deus
400 1908 471 1946 ipse,
492 1918 543 1935 non
562 1918 595 1935 ex
610 1907 765 1945 lapidibus,
779 1906 825 1934 sed
843 1917 877 1935 ex
889 1907 998 1935 materia

251 1954 316 1981 caelo
332 1953 486 1989 illustriore,
503 1953 554 1980 hoc
567 1959 616 1987 est,
637 1962 671 1980 ex
686 1951 784 1980 animis
808 1952 911 1980 ratione
924 1964 996 1991 prae-

250 1997 323 2025 ditis.
344 2000 379 2025 At
398 1997 470 2025 dices
487 2008 492 2023 :
508 1996 538 2024 In
554 2003 645 2023 sancta
669 2002 823 2023 sanctorum
846 1996 998 2034 ingreditur

249 2043 380 2071 sacerdos.
396 2042 471 2071 Licet
493 2042 564 2079 tibi,
590 2041 642 2070 hoc
665 2041 791 2069 sacrificii
813 2052 911 2070 munus
929 2043 994 2070 obe-

248 2090 332 2125 miti,
360 2090 387 2117 in
414 2089 497 2128 adyta
528 2088 614 2126 magis
643 2087 779 2116 tremenda
805 2088 933 2126 ingredi,
964 2089 993 2117 in

249 2136 348 2173 quibus
369 2145 447 2163 nemo
470 2134 554 2170 adest,
584 2134 633 2162 nisi
657 2135 736 2162 Pater
750 2141 827 2169 tuus,
852 2134 898 2172 qui
925 2142 950 2164 te
966 2135 994 2163 in

249 2181 406 2210 abscondito
430 2180 523 2216 videt,
548 2179 575 2208 in
596 2180 695 2218 quibus
717 2190 793 2208 nemo
809 2180 877 2208 alius
901 2181 994 2210 cernit.

249 2227 412 2264 Quomodo,
438 2226 562 2264 inquies,
589 2225 648 2253 fieri
674 2232 777 2264 potest,
803 2233 833 2254 ut
855 2237 934 2255 nemo
949 2227 992 2255 vi-

248 2275 329 2310 deat,
355 2285 416 2302 cum
439 2274 528 2313 palam
557 2273 591 2301 sit
617 2273 728 2301 altare?
758 2273 814 2301 lloc
837 2274 907 2302 enim
929 2281 990 2311 est,

247 2322 320 2360 quod
345 2320 552 2349 admirationem
580 2326 671 2348 movet
701 2331 707 2346 ι
743 2319 806 2357 quia
834 2327 897 2348 tunc
930 2321 992 2358 qui-

247 2369 309 2396 dem
329 2375 412 2407 portae
433 2367 552 2404 undique
566 2371 591 2394 e't
613 2366 671 2394 vela
697 2365 871 2394 solitudinem
891 2367 990 2395 efficie-

248 2414 325 2451 bant3
352 2424 422 2442 nunc
448 2423 512 2445 vero
536 2412 623 2451 palam
642 2422 698 2439 rem
713 2421 815 2439 sacram
830 2412 947 2449 facienti,
961 2420 990 2441 ut

249 2462 275 2489 in
292 2461 389 2490 sanctis
401 2467 564 2494 sanctorum,
580 2459 734 2497 majoreque
744 2468 805 2487 cum
827 2459 912 2487 animi
928 2459 991 2487 hor-

111 2511 237 2531 ostentatio
251 2518 310 2535 rore
323 2507 373 2535 hoc
380 2506 544 2534 facerelicet.
556 2505 626 2533 Nam
636 2515 698 2533 cum
706 2514 758 2532 non
768 2504 892 2532 bumanae
902 2511 991 2533 osten-

97 2542 196 2562 wit-suda.

252 2552 361 2580 tationis
386 2562 465 2580 causa
487 2551 541 2579 hoc
563 2549 760 2585 fiicis‚'‘viderit
770 2549 834 2578 licet
848 2549 992 2579 universus

249 2600 331 2637 urbis,
345 2598 436 2627 nullus
449 2597 531 2634 vidit,
543 2596 650 2635 quando
664 2596 700 2625 ita
711 2596 805 2626 fecisti.
814 2597 906 2634 Neque
920 2597 991 2625 euim

1058 893 1204 933 ἁγιωτέραν
1219 896 1307 933 οὖσαν,
1323 894 1462 933 κέχρισται
1484 895 1511 924 δε
1534 895 1631 934 ἐλκίῳ,
1650 898 1697 924 οὔκ
1713 896 1740 929 ἐξ
1761 896 1825 931 υλης

1058 939 1168 973 αἷσῡητ
1153 951 1183 973 ης
1208 940 1387 979 συγκειμένῳ,
1411 941 1468 969 ἀλλ’
1493 940 1544 969 ὑπὸ
1566 940 1722 978 Πνεύματος
1741 953 1824 981 γεωρ-

1057 985 1188 1024 γουμένῳ,
1204 986 1259 1025 ἔχει
1275 986 1301 1014 δὲ
1320 986 1445 1026 στέφανον
1457 987 1510 1015 ἀπὸ
1523 989 1575 1015 τῶν
1590 989 1734 1026 οἰκτιρμῶν
1744 999 1751 1005 ·
1770 988 1823 1016 Τὸν

1057 1032 1234 1070 στεφανοῦνταί
1249 1044 1277 1060 σε
1291 1031 1358 1071 γὰρ,
1374 1033 1462 1071 φησὶν,
1478 1034 1503 1061 ἐν
1519 1033 1585 1061 ἐλέει
1602 1033 1648 1061 καὶ
1661 1035 1805 1072 οἷκτιρμοῖς
1816 1045 1822 1051 ·

1058 1077 1115 1105 ἀντὶ
1129 1077 1156 1105 δὲ
1175 1081 1220 1106 τοῦ
1241 1077 1353 1106 πέταλον
1367 1078 1452 1117 φέρειν
1474 1079 1556 1116 ὄνομα
1568 1078 1628 1117 ἔχον
1643 1080 1728 1114 Θεοῦ,
1742 1079 1820 1111 αὐτὸς

1058 1122 1112 1154 ἴσος
1130 1122 1229 1160 γίνεται
1254 1125 1291 1161 τῷ
1305 1124 1376 1161 Θεῷ,
1393 1125 1454 1156 Πῶς
1475 1123 1526 1162 γάρ
1539 1136 1545 1158 ;
1559 1123 1718 1160 Γενήσεσθε,
1733 1124 1823 1163 φησὶν,

1057 1168 1142 1205 ὅμοιοι
1156 1170 1200 1196 τοῦ
1214 1169 1320 1207 Πατρὸς
1334 1171 1407 1207 ὑμῶν
1422 1172 1466 1198 τοῦ
1482 1171 1506 1197 ἐν
1521 1173 1574 1201 τοῖς
1586 1170 1711 1209 οὐρανοῖς.

1093 1814 1186 1843 Βούλει
1199 1815 1244 1843 καὶ
1257 1815 1286 1842 τὸ
1297 1814 1480 1853 Θυσιαστῆριον
1495 1815 1572 1843 αὐτοῦ
1594 1814 1673 1849 {estu
1689 1815 1730 1843 Οὐ
1739 1815 1822 1843 Bess-

1053 1860 1118 1895 λεὴλ
1129 1861 1192 1889 αὐτὸ
1202 1860 1370 1898 ᾠκοδόμησεν
1379 1882 1386 1894 ,
1401 1860 1460 1888 οὔτε
1480 1861 1558 1893 ἄλλος
1569 1871 1608 1892 τις
1617 1881 1624 1894 ,
1638 1861 1696 1888 ἀλλ’
1711 1860 1787 1892 αὐτὸς
1807 1862 1822 1888 ὃ

1052 1905 1135 1940 Θεὸς,
1151 1906 1179 1933 οὐ
1195 1904 1238 1933 διὰ
1250 1905 1339 1940 λίθων,
1354 1905 1421 1933 ἀλλὰ
1437 1906 1470 1933 δι’
1490 1905 1552 1940 ὕλης
1567 1908 1612 1933 τοῦ
1625 1906 1735 1943 οὐρανοῦ
1748 1906 1820 1942 λαμ-

1051 1950 1195 1989 προτέρας,
1214 1950 1256 1978 διὰ
1267 1952 1358 1989 ψυχῶν
1371 1952 1493 1988 λογικῶν.
1505 1950 1584 1978 Ἀλλὰ
1600 1951 1636 1982 εἷς
1648 1950 1681 1978 τὰ
1692 1950 1754 1988 ἅγια
1767 1953 1820 1979 τῶν

1052 1996 1132 2034 ἁγίων
1147 1996 1294 2034 εἰσέρχεται
1311 1999 1324 2023 ὁ
1339 1996 1430 2034 ἱερεύς.
1445 1995 1554 2028 ’Ἔξεστί
1568 2007 1609 2024 σοι
1625 1996 1661 2027 εἷς
1673 1994 1707 2023 τὰ
1721 2007 1820 2035 φρικω-

1050 2041 1158 2079 &irrepat
1173 2042 1296 2069 εἰσελθεῖν
1310 2041 1396 2069 θύον-,ι
1407 2041 1454 2076 τὴν
1463 2040 1553 2069 Θυσίαν
1568 2040 1677 2076 ταύτην,
1693 2040 1754 2069 ἔνθα
1766 2050 1819 2078 μη-

1050 2086 1101 2119 δεὶς
1110 2086 1246 2126 πάρεστιν,
1262 2087 1318 2114 ἀλλ’
1335 2088 1348 2114 ὁ
1364 2086 1459 2125 Πατήρ
1470 2098 1516 2115 σου
1527 2107 1534 2119 ,
1549 2088 1563 2114 ὃ
1577 2086 1680 2124 βλέπων
1695 2097 1725 2114 σε
1741 2087 1766 2114 ἐν
1780 2087 1818 2124 τῷ

1049 2134 1171 2171 κρυπτῷ,
1194 2131 1255 2160 ἔνθα
1279 2132 1371 2169 μηδεὶς
1392 2132 1470 2164 ἄλλος
1492 2134 1548 2170 ὁρᾷ.
1566 2131 1619 2160 Καὶ
1637 2133 1709 2166 πῶς,
1724 2130 1819 2170 φησὶν,

1049 2179 1105 2206 ἔστι
1119 2178 1156 2216 μὴ
1168 2181 1240 2217 ὃρᾷν,
1253 2177 1368 2217 ’δημοσίᾳ
1385 2179 1495 2209 ἑστῶτος
1509 2181 1554 2206 τοῦ
1566 2176 1767 2215 θυσιαστηρίους
1778 2176 1819 2204 Τὸ

1047 2224 1098 2262 γὰρ
1113 2224 1264 2261 Θαυμαστὸν
1287 2224 1362 2251 τοῦτό
1388 2225 1467 2258 ἐστιν,
1486 2222 1527 2251 ὅτι
1547 2222 1606 2251 τότε
1621 2222 1669 2260 μὲν
1683 2221 1818 2261 ἀμφίθυρα

1047 2271 1092 2299 καὶ
1106 2270 1338 2309 παραπετάσματα
1347 2268 1396 2304 τὴν
1409 2269 1521 2307 ἐρημίαν
1532 2268 1614 2297 ἐποίει
1623 2279 1629 2285 ·
1639 2270 1683 2296 νῦν
1691 2267 1719 2296 δὲ
1733 2267 1818 2300 ἔξεστι

1048 2315 1164 2355 δημοσία
1186 2315 1286 2350 θύοντι,
1301 2315 1337 2346 ὥς
1361 2315 1387 2342 ἐν
1410 2318 1464 2346 τοῖς
1483 2313 1566 2351 ἁγίοις
1587 2315 1639 2341 τῶν
1660 2311 1751 2350 ἁγίων,
1772 2312 1818 2340 καὶ

1047 2363 1137 2390 πο))ῶ
1158 2361 1362 2400 ειρικωδέστερον
1382 2363 1458 2388 τοῦτο
1482 2363 1575 2388 ποιεῖν.
1589 2358 1677 2387 Ὅταν
1701 2358 1753 2397 γὰρ
1778 2357 1815 2395 μὴ

1046 2408 1111 2447 πρὸς
1125 2407 1247 2440 ἐπίδειξιν
1259 2405 1401 2444 ἀνθρώπων
1418 2415 1512 2442 ποιῃς,
1530 2416 1578 2433 καν
1591 2407 1608 2439 ἡ
1623 2403 1763 2441 οἰκουμένη
1777 2398 1815 2431 εἷ-

1020 2464 1026 2471 ’
1047 2455 1098 2488 851,
1117 2464 1184 2481 OUGE'.
1187 2465 1198 2485 ς
1212 2453 1288 2487 aiom,
1301 2451 1391 2485 {treton
1413 2462 1444 2479 δυ
1459 2461 1540 2481 Ουῖως
1555 2461 1688 2484 Εποῑηςας.
1704 2449 1744 2477 Οὐ
1760 2447 1812 2487 γαρ

1045 2503 1103 2528 εἷπε
1114 2499 1158 2533 Μὴ
1170 2503 1268 2527 ποιεῖτε
1288 2498 1378 2529 ἁπλως
1401 2496 1547 2534 ἔμπροσθεν
1572 2496 1625 2523 τῶν
1650 2493 1812 2534 ἀνθρώπων,

1046 2545 1115 2574 ἀλλὰ
1126 2544 1270 2583 προσέθηκε
1279 2565 1286 2578 ,
1301 2542 1373 2580 Πρὸς
1390 2541 1419 2570 τὸ
1433 2543 1557 2576 Οεαθῆναι
1577 2541 1672 2572 αὐτοῖς.
1687 2540 1774 2568 Τοῦτο
1783 2539 1812 2567 τὸ

1045 2593 1229 2632 Ουσιαστῆριον
1242 2592 1268 2625 ἐξ
1281 2593 1366 2620 αὐτῶν
1394 2593 1444 2620 τῶν
1468 2594 1513 2620 τοῦ
1538 2591 1653 2630 Χριστοῦ
1676 2589 1812 2628 σύγκειται
