1891 2866
536 202 568 224 lx
596 201 702 223 EPIST.
732 200 755 221 1.

89 265 185 304 ρεᾶσθη
200 264 231 293 ἂν
247 265 284 303 μὴ
296 264 390 304 ἔχοντα
408 264 455 298 τὴν
470 263 522 292 ἀπὸ
536 265 583 298 τῆς
599 263 698 302 φύσεως
713 261 833 301 βοήθειαν
843 272 849 277 ·

88 311 282 349 ἕπηρεασθέντα
299 310 324 338 δὲ
334 333 340 345 ,
358 309 478 339 ἀπώλετο
496 309 540 337 ἄν·
557 308 706 347 ἀπολόμενα
722 306 762 342 δὲ,
777 307 850 345 ἔσχι-

88 369 132 385 σεν
149 357 178 385 ἂν
193 358 222 385 τὸ
236 359 328 394 σῶμα·
345 356 494 395 σιω-θέντος
510 356 536 384 δὲ
554 358 598 384 τοῦ
612 354 747 393 σώματος,
761 353 805 381 καὶ
819 352 851 380 τὰ

87 401 168 430 λοιπὰ
185 402 215 429 ἂν
234 402 355 430 ἀπώλετο
369 401 402 430 τὰ
423 403 513 441 πολλῷ
529 401 633 439 μείζονα
647 399 754 429 τούτων.
771 398 852 437 εΟρᾷς

87 447 128 476 ὅτι
141 448 185 476 καὶ
198 450 244 482 τ’ἧς
256 447 360 476 ἐκείνων
376 448 497 488 προνοίας
512 448 600 487 ἔχεται
614 450 630 482 ἡ
646 446 742 475 τούτων
756 445 851 483 ἐπιμέ-

86 494 160 529 λεια;
177 495 216 522 Οὐ
229 494 279 533 γὰρ
290 493 369 527 οὕτως
384 496 409 523 ἐν
426 497 458 533 τῇ
474 494 556 533 οἰκείᾳ
567 494 640 533 φύσει
651 493 680 522 τὸ
695 488 760 522 εἶναι
774 491 852 531 ἔχου-

88 551 138 575 σιν,
150 541 185 572 ὥς
199 541 225 568 ἐν
239 542 277 578 τῷ
289 539 393 578 σώματι
408 535 473 569 εἶναι
486 540 522 568 ἓν.
538 541 589 569 Διὰ
602 540 633 575 δὴ
655 542 748 575 τοῦτο,
764 537 794 566 ἂν
806 537 853 576 μὲν

86 585 116 614 τὸ
131 586 208 623 σῶμα
221 586 366 622 ἀπόληται,
379 586 450 615 οὐδὲν
466 588 551 619 αὐτοῖς
561 586 648 626 κέρδος
663 588 709 621 ’.ἧς
721 586 779 614 καθ’
793 584 854 612 ἕκα-

88 643 148 659 στον
171 631 273 670 ὑγείας·
288 633 345 661 ἀλλ’
369 633 400 661 ἄν
421 644 449 661 τε
472 633 605 672 ὀφθαλμὸς
620 632 699 671 μένῃ,
712 631 743 660 ἄν
767 642 795 659 τε
816 629 854 669 ῥὶς

88 677 248 717 διατηροῦσα
262 678 291 707 τὸ
304 680 408 714 οἰκεῖον,
419 681 463 708 τοῦ
482 679 626 717 συνδέσμου
646 677 764 709 λυθέντος
774 699 781 713 ,
793 676 853 715 ὄφε-

88 725 132 757 λος
143 724 215 754 οὐδὲν
225 724 299 753 ἔσται
309 725 400 755 λοιπόν
408 738 413 743 ·
425 726 454 754 ἂν
467 726 503 760 δὲ,
515 726 605 755 τούτου
620 725 739 763 μένοντος
749 747 755 759 ,
767 725 853 752 ἐκεῖνα

91 770 194 809 ,SM-62⁹,
206 772 250 800 καὶ
272 772 474 805 &intemeratam
485 773 529 801 καὶ
543 773 606 811 πρὸς
626 772 725 810 ὑγίειαν
737 771 854 799 ἐπάνεισι

89 816 199 856 ταχέως.
214 817 283 846 Ἀλλ’
304 819 366 852 ἴσως
392 819 460 848 εἴποι
484 831 523 851 τις
544 820 575 848 ἄν
588 831 593 836 ·
611 822 687 847 τοῦτο
702 817 749 855 μὲν
771 818 797 845 ἐν
818 818 855 854 τῷ

89 861 196 900 σώματι
217 863 293 902 λόγον
320 864 388 904 ἔχει,
409 865 450 894 ὅτι
473 865 502 894 τὸ
526 867 646 905 ὕστεροῧν
669 863 855 903 περισσοτέραν

91 908 170 937 ἔλαὸε
185 909 274 947 τιμὴν,
289 911 331 939 ἐπὶ
346 911 372 940 δὲ
385 913 436 939 τῶν
452 911 596 951 ἀνθρώπων
608 913 663 944 πῶς
678 911 708 939 ἂν
722 913 797 938 τοῦτο
811 920 857 947 φα-

91 954 162 990 νείη;
176 955 240 984 Ἐπὶ
254 957 305 984 τῶν
320 957 463 995 ἀνθρώπων
479 958 525 995 μὲν
549 952 592 985 οἶν
608 957 722 994 μάλιστα
743 954 805 986 ἴδοις
827 954 856 981 ἂν

92 1003 168 1029 τοῦτο
190 1001 340 1039 συμὸαῑνον.
355 1003 407 1032 Καὶ
434 1002 485 1042 γὰρ
508 1005 531 1031 οἱ
557 1003 618 1041 περὶ
643 1002 690 1037 τὴν
716 1000 856 1033 ἑνδεκάτην

91 1045 175 1085 ὥραν,
189 1049 289 1086 πρῶτοι
307 1048 350 1076 τὸν
373 1048 465 1086 μισθὸν
480 1048 572 1077 ἔλαὸον
582 1060 588 1066 ·
614 1048 658 1076 καὶ
681 1047 711 1076 τὸ
727 1045 858 1080 πλανηθὲν

92 1091 224 1131 πρόὸατον
239 1093 326 1122 ἔπεισε
339 1094 382 1122 τὸν
397 1094 509 1133 ποιμένα
518 1094 552 1122 τὰ
566 1092 794 1128 ἐνενηκονταεννέα
809 1103 858 1120 κοι-

93 1140 223 1175 ταλιπεῖν,
236 1140 281 1168 καὶ
296 1142 336 1169 ἐπ’
355 1141 416 1169 αὐτὸ
428 1141 547 1181 δραμεῖν,
563 1141 607 1170 καὶ
621 1139 729 1180 εὓρηθὲν
742 1138 858 1168 {Gamo}-

94 1187 168 1221 ζετο,
180 1186 227 1214 οὐκ
249 1186 390 1221 ἠλαύνετο·
405 1187 450 1216 καὶ
465 1190 478 1216 6
494 1187 594 1220 ἄσωτος
610 1187 664 1220 υἱὸς
677 1186 796 1219 πλείονος
814 1187 860 1214 τοῦ

96 1230 294 1267 εὐδοκιμηκότος
318 1234 365 1267 τῆς
386 1235 464 1271 τιμῆς
485 1233 630 1262 ἀπέλαυσε·
656 1233 700 1262 καὶ
726 1235 740 1261 6
762 1231 861 1270 λῃστὴς

97 1276 148 1316 πρὸ
162 1279 214 1306 τῶν
230 1278 382 1307 ἀποστόλων
407 1281 577 1319 ἐστεφανοῦτο
600 1279 644 1308 καὶ
664 1278 861 1318 ἀνεκηρύττετο.

98 1323 151 1352 Καὶ
164 1323 207 1352 ἐπὶ
228 1326 280 1353 τῶν
294 1325 428 1354 ταλάντων
441 1326 468 1355 δὲ
490 1329 565 1355 τοῦτο
581 1325 646 1358 ἴδοις
666 1325 695 1353 ἂν
719 1324 862 1364 γινόμενον.

98 1369 151 1399 Καὶ
173 1369 224 1409 γὰρ
245 1373 259 1400 6
280 1371 312 1399 τὰ
325 1371 402 1400 πέντε
421 1372 538 1401 τάλαντα
551 1372 640 1401 λαέὼν
663 1372 708 1400 καὶ
723 1374 736 1401 6
758 1371 791 1400 τὰ
805 1370 864 1405 δύο,

97 1417 150 1445 τῶν
165 1418 248 1446 αὐτῶν
262 1417 420 1454 ἠξιώθησαν,
435 1419 479 1447 καὶ
503 1421 572 1458 αὐτῷ
592 1421 630 1458 τῷ
653 1418 686 1447 τὰ
709 1418 752 1447 δύο
774 1417 864 1446 λαὸεῖν

98 1464 198 1498 πολλῆς
216 1463 350 1493 ἀπέλαυσε
369 1466 468 1503 μᾶλλον
483 1467 530 1499 τῆς
550 1465 681 1504 προνοίας.
703 1466 737 1493 Εἰ
761 1464 812 1503 γὰρ
833 1463 866 1491 τὰ

99 1509 367 1550 πέντεένεχειρίσθη,
382 1511 419 1549 μὴ
433 1511 588 1550 δυνάμενος,
603 1514 648 1540 τοῦ
663 1511 760 1543 παντὸς
774 1510 804 1538 ἂν
817 1509 867 1543 ἐξέ-

101 1568 179 1586 πεσε·
192 1556 329 1595 δεξάμενος
343 1557 370 1586 δὲ
384 1557 419 1586 τὰ
439 1558 497 1593 δύο,
507 1557 552 1586 καὶ
565 1558 599 1586 τὰ
613 1559 674 1596 παρ’
691 1559 783 1586 ἑαυτοῦ
796 1558 867 1590 πλη-

103 1602 205 1641 ρώσας,
216 1606 267 1632 τῶν
280 1605 365 1641 αὐτῶν
379 1603 478 1639 ἠξιώθη
489 1606 527 1643 τῷ
542 1604 576 1632 τὰ
593 1604 670 1633 πέντε
684 1602 869 1643 ἐργασαμένῳ,

102 1649 219 1689 τοσούτῳ
241 1649 446 1684 πλεονεκτήσας,
471 1649 524 1689 ὅσῳ
549 1651 594 1678 ἀπ’
616 1649 759 1678 ἐλαττόνων
784 1650 870 1677 πόνων

103 1699 157 1726 τῶν
171 1697 255 1725 αὐτῶν
267 1696 379 1735 ἐπέτυχε
394 1696 536 1735 στεφάνων.
556 1696 651 1726 Καίτοι
671 1696 715 1725 καὶ
738 1696 814 1729 αὐτὸς
828 1696 872 1724 ἄν-

105 1745 206 1781 θρωπος
217 1738 261 1778 ἦν,
273 1741 363 1782 ὥσπερ
377 1745 391 1771 6
405 1742 437 1771 τὰ
451 1742 527 1771 πέντε
538 1755 544 1760 ·
560 1744 617 1771 ἀλλ’
636 1742 706 1781 ὅμως
720 1742 791 1771 οὐδὲν
809 1741 874 1780 πρὸς

107 1790 184 1819 αὐτὸν
209 1791 223 1818 6
246 1789 382 1824 Δεσπότης
415 1789 638 1828 ἂκριὸολογεῐται,
653 1789 710 1818 οὐδὲ
732 1789 873 1827 ἀναγκάζει

105 1835 158 1864 “rix
171 1835 237 1864 αὗτὰ
255 1841 338 1864 ποιεῖν
353 1837 391 1874 τῷ
404 1835 550 1875 συνδούλῳ,
561 1835 618 1864 οὐδὲ
632 1835 718 1875 λέγει,
733 1835 776 1864 διὰ
794 1835 820 1864 τί
837 1834 873 1873 μὴ

107 1882 216 1912 δύνασαι
237 1882 270 1910 τὰ
296 1882 373 1911 πέντε
396 1882 558 1921 ἐργάσασθαι
563 1893 571 1918 ;
596 1882 702 1915 δικαίως
727 1882 757 1911 ἂν
780 1881 874 1910 εἰπών·

107 1929 176 1958 ἀλλὰ
191 1929 235 1957 καὶ
249 1928 326 1957 αὐτὸν
346 1929 519 1968 ἐστεφάνωσε.
534 1930 559 1958 Τ
561 1931 616 1959 αὖτ’
639 1924 683 1958 οἶν
709 1929 805 1961 εἰδότες
815 1951 822 1964 ,
838 1928 874 1967 μὴ

109 1975 280 2013 ἐπεμὸαίνετε
297 1980 351 2009 τοῖς
365 1976 499 2005 ἐλάττοσιν
520 1977 544 2005 οἱ
567 1976 681 2013 μείζους,
695 1976 738 2005 ἵνα
765 1975 802 2014 μὴ
824 1975 876 2015 πρὸ

109 2022 214 2052 ἐκείνων
225 2022 329 2055 ἑαυτοὺς
345 2023 474 2062 βλάψητε·
491 2023 704 2062 ἀποσχιζομένων
717 2023 769 2063 γὰρ
782 2024 876 2058 αὐτῶν,

110 2069 141 2098 τὸ
153 2073 206 2098 πᾶν
217 2068 392 2109 διαφθείρεται
406 2072 494 2108 σῶμα.
510 2069 546 2098 Τί
557 2069 607 2108 γὰρ
622 2070 687 2099 ἄλλο
708 2069 763 2099 ἐστὶ
782 2071 876 2107 σῶμα,

111 2114 128 2150 ἢ
142 2114 172 2144 τὸ
193 2114 278 2143 πολλὰ
296 2110 363 2143 εἶναι
378 2115 458 2153 με’λη,
472 2115 557 2149 καθὼς
578 2115 623 2144 καὶ
638 2115 713 2148 αὐτός
735 2127 824 2155 φησιν,
836 2115 877 2144 ὅτι

785 199 803 220 A
810 198 828 220 D
855 197 917 220 COR
924 211 931 218 .

962 196 1076 218 uouit„
1105 194 1200 216 xxxi.
1580 179 1645 223 327

904 258 933 288 Si
948 258 1019 286 enim
1031 258 1187 286 hocsactum
1198 265 1250 284 non
1259 255 1361 291 suisset,
1373 252 1647 283 communisomniuui

904 304 1034 344 pernicies
1054 304 1157 341 fuisset,
1171 302 1266 340 inquit.
1291 302 1360 330 Nam
1375 301 1395 329 si
1412 311 1458 329 nos
1476 299 1582 327 illorum
1595 308 1646 326 nou

871 349 887 371 Β
905 362 1028 389 magnam
1047 350 1218 389 gessissemus
1235 359 1336 383 curam,
1358 353 1515 375 nocumenta
1530 344 1647 384 accepis-

905 405 962 426 sent
976 408 1038 426 curn
1048 408 1064 425 a
1085 403 1178 425 natura
1196 395 1330 424 auxilium
1345 403 1397 422 non
1416 393 1553 428 haberent,
1575 397 1600 419 et
1614 401 1647 419 ex

906 444 956 473 hoc
974 438 1131 473 nocumento
1155 442 1306 482 periissent;
1332 441 1353 469 si
1377 440 1529 479 periissent,
1553 448 1648 477 corpus

906 490 1087 525 discidisscnt;
1098 490 1179 518 scisso
1194 498 1313 528 corpore,
1325 494 1418 516 caetera
1426 485 1506 514 etiam
1519 496 1577 523 quae
1588 491 1649 512 sunt

906 537 948 566 his
963 537 1042 576 longe
1056 537 1158 577 majora
1171 535 1321 575 periissent.
1340 532 1439 562 Viden'
1461 532 1558 560 horum
1579 541 1649 559 curce

906 586 1015 615 illorum
1034 595 1139 624 quoque
1163 582 1359 623 providentiam
1382 591 1438 609 esse
1461 578 1651 619 conjunctam?

907 633 967 661 Non
981 632 1052 660 enim
1067 632 1103 659 ita
1115 631 1142 660 in
1163 629 1272 670 propria
1287 635 1382 657 natura
1395 627 1495 655 habent
1504 625 1577 664 quod
1588 625 1651 659 sint,

907 678 970 707 utin
984 688 1093 717 corpore
1106 677 1206 706 habent
1218 674 1290 714 quod
1308 674 1360 703 sint
1369 683 1462 702 unum.
1477 672 1540 701 Ideo
1554 671 1577 700 si
1590 682 1652 699 cor-

908 736 958 764 pus
973 724 1081 763 quidem
1097 730 1198 763 pereat,
1208 721 1315 750 nullum
1326 720 1391 760 ipsis
1401 720 1508 749 lucrum
1518 729 1552 747 ex
1563 718 1654 757 singu-

908 772 996 800 lorum
1008 771 1134 806 sanitate;
1149 769 1195 798 sed
1209 769 1266 797 sive
1288 767 1382 796 oculus
1397 772 1510 802 maneat,
1534 765 1593 794 sive
1607 775 1654 793 na-

873 819 891 840 C
910 829 965 855 sus,
984 817 1058 856 quod
1069 828 1149 846 suum
1164 823 1202 844 est
1217 825 1334 851 servans,
1349 813 1476 853 ligamine
1487 812 1584 847 soluto,
1595 811 1655 840 nul-

910 865 934 893 la
949 871 1039 904 postea
1057 864 1119 892 hinc
1130 863 1181 891 erit
1199 861 1311 890 utilitas.
1329 859 1412 896 Quod
1422 859 1444 887 si
1458 859 1508 887 hoc
1521 865 1653 895 manente,

908 912 954 940 illa
969 918 1156 940 nocumentum
1172 909 1315 949 accipiant,
1325 915 1350 937 ct
1367 914 1504 947 gestantur
1519 913 1543 935 et
1557 906 1592 934 ad
1608 917 1652 934 sa-

907 957 1017 986 nitatem
1025 957 1076 985 cito
1084 956 1204 985 redeunt.
1212 955 1265 984 Sed
1275 954 1374 983 dixerit
1384 954 1493 982 fortasse
1504 951 1638 992 quispiam
1648 964 1655 978 z

911 1005 968 1033 Hoc
978 1003 1087 1042 qujdem
1098 1003 1125 1031 in
1135 1012 1246 1041 corpore
1256 1001 1385 1030 rationem
1394 1000 1483 1035 habet,
1491 999 1564 1037 quod
1576 998 1605 1027 id
1613 999 1657 1027 cui

911 1050 1007 1078 desunt
1021 1049 1146 1088 quaedam
1159 1048 1287 1087 majorem
1301 1046 1415 1086 accipiat
1424 1046 1567 1081 honorem;
1583 1044 1657 1084 apud

912 1096 1033 1125 homines
1048 1105 1111 1124 vero
1124 1093 1259 1133 quomodo
1268 1093 1320 1121 hoc
1337 1091 1482 1121 cernatur?
1498 1092 1529 1120 In
1542 1091 1659 1119 homini-

912 1143 964 1171 bus
979 1148 1049 1170 certe
1062 1141 1180 1169 maxime
1210 1139 1238 1168 id
1251 1138 1372 1167 accidere
1386 1137 1487 1167 videas.
1512 1137 1621 1165 Etenim
1642 1137 1661 1165 ii

913 1189 960 1228 qui
975 1188 1044 1217 circa
1059 1187 1229 1216 undecimam
1243 1185 1338 1214 horam
1351 1190 1491 1217 venerunt,
1503 1183 1585 1223 primi
1595 1194 1674 1218 mer--

914 1235 1005 1265 cedem
1021 1244 1160 1274 accepere;
1185 1240 1211 1262 et
1226 1232 1284 1261 ovis
1298 1242 1388 1260 errans
1407 1231 1506 1271 pastori
1529 1230 1612 1259 suasit
1632 1237 1661 1258 ut

916 1282 1060 1321 nonaginta
1073 1291 1170 1310 novem
1179 1279 1244 1308 alias
1254 1278 1422 1317 relinqueret,
1431 1284 1456 1306 et
1470 1276 1505 1305 ad
1520 1277 1604 1316 ipsam
1613 1287 1661 1305 ac-

918 1335 1035 1357 curreret
1049 1334 1074 1356 et
1088 1334 1118 1355 ut
1132 1333 1237 1366 reperta
1249 1331 1405 1363 gestaretur,
1422 1333 1474 1352 non
1491 1323 1644 1362 abigeretur
1652 1334 1660 1360 3

917 1381 943 1403 et
967 1374 1040 1403 filius
1055 1372 1184 1413 prodigus
1204 1372 1265 1411 plus
1285 1369 1394 1399 honoris
1415 1369 1525 1408 accepit,
1541 1379 1621 1407 quam
1641 1369 1664 1397 is

919 1421 965 1460 qui
980 1432 1007 1450 se
1019 1427 1089 1450 recte
1101 1426 1233 1458 gesse1·at;
1247 1425 1272 1446 et
1283 1417 1352 1445 latro
1367 1423 1427 1445 ante
1439 1415 1572 1455 apostolos
1587 1426 1664 1444 coru-

919 1475 996 1497 natus
1011 1475 1036 1497 et
1048 1467 1196 1496 celebratus
1211 1472 1258 1508 est.
1272 1465 1304 1494 In
1315 1463 1421 1492 talentis
1430 1474 1536 1502 quoque
1546 1463 1664 1503 idipsum

919 1515 1020 1544 factum
1033 1514 1135 1543 videas.
1151 1513 1221 1542 Nam
1235 1511 1281 1550 qui
1304 1511 1402 1539 talenta
1425 1510 1542 1548 quinque
1554 1520 1666 1549 accepe-

921 1568 973 1594 rat,
987 1560 1068 1598 etqui
1083 1560 1137 1588 duo
1154 1564 1300 1598 acceperat,
1318 1556 1412 1585 eadem
1426 1555 1547 1584 mercede
1562 1556 1666 1595 dignati

922 1614 998 1643 sunt;
1019 1613 1043 1635 et
1058 1607 1115 1645 ipse
1139 1604 1213 1643 quod
1226 1603 1280 1632 duo
1303 1603 1445 1642 accepisset
1469 1612 1502 1630 ex
1517 1612 1613 1640 magna
1627 1602 1666 1630 fa-

923 1662 995 1684 ctum
1008 1660 1045 1682 est
1057 1651 1236 1693 providentia.
1248 1650 1318 1679 Nam
1334 1649 1356 1678 si
1366 1650 1485 1688 quinque
1494 1648 1546 1688 ipsi
1561 1659 1667 1677 concre-

923 1701 979 1730 dita
992 1700 1115 1736 fuissent,
1132 1709 1194 1727 cum
1205 1707 1257 1726 non
1274 1702 1362 1736 posset
1383 1695 1430 1724 illa
1443 1704 1550 1734 augere,
1563 1706 1596 1724 ex
1610 1702 1666 1724 toto

925 1747 1085 1783 excidisset3
1114 1756 1175 1775 cum
1197 1751 1285 1773 autem
1307 1743 1362 1771 duo
1391 1742 1545 1782 accepisset,
1562 1752 1623 1770 cum
1638 1753 1667 1770 ea

926 1805 987 1834 quae
996 1804 1076 1833 penes
1091 1803 1119 1821 se
1133 1798 1207 1820 erant
1223 1789 1369 1829 implesset,
1385 1788 1477 1817 eodem
1488 1788 1614 1827 dignatus
1629 1795 1669 1817 est

925 1840 1036 1880 praemio
1050 1849 1103 1878 quo
1116 1839 1147 1875 is,
1163 1837 1209 1876 qui
1221 1847 1282 1865 cum
1297 1835 1417 1874 quinque
1428 1841 1552 1874 operatus
1568 1835 1666 1871 suerat,

925 1895 951 1916 et
966 1898 996 1916 eo
1011 1887 1089 1915 illum
1104 1884 1250 1924 superavit,
1269 1882 1341 1921 quod
1364 1892 1379 1910 a
1397 1881 1547 1910 minoribus
1567 1881 1668 1910 labori-

925 1936 976 1965 bus
989 1933 1095 1964 easdem
1111 1937 1290 1970 consequutus
1312 1929 1346 1957 sit
1371 1939 1490 1958 coronas.
1514 1929 1595 1967 Atqui
1612 1928 1669 1968 ipse

925 1992 1031 2022 quoque
1041 1981 1121 2009 homo
1133 1985 1198 2012 erat,
1215 1984 1244 2006 ut
1258 1983 1284 2005 et
1297 1976 1343 2005 ille
1359 1976 1406 2014 qui
1418 1975 1518 2015 accepit
1531 1975 1648 2015 quinque
1661 1988 1666 2003 ε

926 2035 1042 2057 attamen
1052 2036 1104 2055 non
1116 2032 1171 2053 tam
1185 2029 1308 2052 accurate
1323 2033 1385 2051 cum
1399 2022 1446 2051 illo
1470 2022 1584 2051 rationes
1610 2022 1670 2051 exi—

927 2075 967 2114 git
980 2073 1123 2107 Dominus,
1151 2080 1235 2109 neque
1257 2069 1328 2108 cogit
1354 2069 1433 2097 illum
1449 2075 1478 2097 ut
1493 2075 1566 2098 tanta
1578 2068 1668 2106 faciat,

891 1793 909 1815 E

885 2145 920 2164 231
928 2128 1026 2160 quanta
1040 2128 1181 2148 conservus
1195 2116 1269 2156 ejus;
1284 2125 1368 2154 neque
1381 2115 1464 2151 dicit,
1474 2115 1529 2144 Cur
1543 2126 1595 2144 non
1620 2126 1671 2155 po-

112 2161 153 2191 Τὸ
163 2162 241 2199 σῶμα
255 2163 300 2190 οὐκ
318 2161 387 2190 ἔστιν
401 2161 428 2190 ἓν
451 2161 538 2199 μέλος,
552 2162 619 2191 ἀλλὰ
632 2162 726 2192 πολλά.
742 2163 774 2191 Εἰ
792 2162 876 2191 τοίνυν
894 2175 913 2196 A
929 2175 967 2197 ης
981 2166 1098 2206 quinque
1108 2162 1256 2193 conficere?
1277 2161 1350 2200 quod
1373 2161 1468 2190 merito
1487 2161 1600 2190 dixisset
1606 2173 1614 2198 ς
1625 2160 1672 2190 sed

113 2207 189 2236 τοῦτό
202 2208 258 2236 ἐστι
271 2209 362 2245 σῶμα,
377 2207 550 2246 φροντίζωμεν
564 2211 610 2237 τοῦ
626 2208 661 2237 τὰ
684 2208 770 2238 πολλὰ
791 2208 877 2247 με’νειν

115 2255 215 2284 πολλά·
229 2257 264 2288 ὡς
275 2255 320 2284 ἐὰν
335 2255 371 2293 μὴ
386 2259 461 2284 τοῦτο
481 2255 654 2292 διασώζηται,
665 2257 726 2298 περὶ
738 2256 772 2286 τὰ
789 2256 879 2296 καίρια

116 2305 133 2337 ἡ
148 2301 238 2341 πληγὴ
250 2302 358 2340 γίνεται.
370 2302 418 2331 Διὸ
431 2302 476 2331 καὶ
491 2302 566 2336 αὐτὸς
577 2305 605 2332 οὖ
617 2307 693 2333 τοῦτο
704 2304 780 2342 μόνον
796 2305 878 2332 ἀπαι-

117 2356 168 2388 τεῖ,
182 2351 211 2380 τὸ
227 2351 264 2390 μὴ
279 2351 466 2391 ἀποσχίζεσθαι
480 2351 611 2387 ἀλλήλων,
625 2352 692 2382 ἀλλὰ
708 2353 752 2382 καὶ
773 2353 802 2382 τὸ
816 2353 881 2392 σφό-

119 2403 167 2443 δρα
177 2404 313 2442 συνῆφθαι.
330 2402 420 2432 Εἷπὼν
435 2405 504 2442 γοῦν,
516 2402 574 2432 Ἵνα
594 2403 631 2442 μὴ
651 2399 669 2443 ᾗ
684 2404 785 2443 σχίσμα
798 2405 824 2432 ἐν
845 2405 882 2442 τῷ

119 2448 238 2487 σώματι,
248 2450 295 2478 οὔκ
307 2448 423 2488 ἠρκέσθη
441 2448 537 2488 τούτῳ,
550 2451 607 2478 ἀλλ’
627 2450 767 2489 ἐπήγαγεν·
778 2449 837 2479 Ἵνα
854 2449 884 2478 τὸ

154 2548 164 2560 ·
181 2541 222 2566 Sic
241 2540 299 2574 legit
321 2542 448 2574 Interprcs
468 2549 550 2574 vctu5‚
563 2550 588 2567 et
607 2544 642 2568 sic
661 2543 736 2568 habet
753 2543 831 2569 smil.
845 2544 870 2567 in

123 2581 246 2614 margine,
259 2580 344 2606 melius
361 2590 437 2614 quam
456 2581 537 2615 Editi,
551 2589 580 2610 τὰ
593 2587 650 2610 αὐτὰ
665 2591 744 2610 πονεῖν.
757 2584 828 2617 [Mox
844 2585 870 2607 B.

282 2631 354 2651 ron.
381 2634 406 2652 x.

929 2221 954 2243 et
964 2214 1053 2254 ipsum
1065 2209 1211 2240 coronavit.
1220 2209 1281 2237 Haec
1291 2218 1353 2247 ergo
1364 2218 1426 2236 cum
1440 2207 1537 2245 sciatis,
1547 2218 1579 2236 nc
1588 2207 1673 2236 insul-

929 2260 990 2290 tetis
1005 2259 1117 2298 majores
1127 2255 1287 2289 minoribus,
1302 2264 1389 2283 nevos
1405 2254 1477 2293 ipsos
1489 2261 1550 2283 ante
1560 2254 1672 2283 illoslae-

933 2306 1018 2342 datis;
1038 2305 1092 2333 illis
1112 2303 1183 2332 enim
1206 2300 1342 2337 abscissis,
1370 2307 1455 2328 totum
1477 2300 1546 2339 perit
1566 2310 1671 2340 corpus.

936 2352 1011 2390 Quid
1018 2351 1088 2381 enim
1097 2349 1172 2379 aliud
1186 2356 1225 2378 est
1237 2358 1343 2388 corpus,
1354 2357 1433 2385 quam
1444 2346 1527 2376 multa
1537 2347 1674 2376 membra?

936 2401 1041 2429 sicutet
1066 2399 1122 2437 ipsc
1143 2397 1199 2433 ait,
1217 2396 1327 2434 Corpus
1350 2391 1408 2422 tion
1431 2401 1472 2422 est
1487 2404 1577 2422 unum
1588 2404 1675 2422 mem-

938 2449 1028 2483 brum,
1043 2445 1094 2474 sed
1108 2444 1210 2473 multa.
1223 2442 1250 2472 Si
1265 2441 1348 2481 igitur
1363 2441 1413 2470 hoc
1429 2447 1468 2470 cst
1480 2451 1586 2481 corpus,
1602 2441 1676 2470 solli-

918 2539 1058 2575 ἑττῑεὰνωᾸ

1505 2621 1522 2647 t&

1526 2619 1542 2644 Ν,
