1906 2866
257 190 276 224 5
297 190 337 224 16
608 205 637 227 s.
665 206 804 230 JOANMS
830 208 1009 231 cum'sosr.

257 263 285 292 id
295 263 365 302 quod
379 264 562 303 importunum
577 273 648 302 crat,
662 277 769 297 rursum
785 278 876 296 eorum
892 280 951 306 quoe
961 269 1002 297 di-

256 309 291 337 cit
309 310 379 348 ipsos
405 317 480 339 testes
506 310 638 349 producit.
654 313 693 340 Ne
717 314 776 350 quis
800 314 882 345 euim,
901 314 1000 351 inquit,

1040 210 1195 232 Attenuat).

1225 211 1479 234 CONSTANHNOP
1486 227 1492 234 .

1057 270 1103 298 δαν
1121 270 1189 308 μέγα
1203 283 1228 298 τι
1248 271 1389 309 φθέγξηται
1403 273 1608 311 κατεπειγούσης
1622 274 1736 312 ἀνάγκης
1749 277 1822 311 (οὐδὲ

1057 315 1107 353 γὰρ
1122 316 1206 347 ἄλλως
1222 316 1284 344 αὐτὸ
1301 320 1393 351 ποιεῖ),
1407 317 1509 356 ταχέως
1523 319 1671 347 συστέλλειν
1688 320 1766 348 πάλιν
1779 321 1821 349 τὸν

257 356 380 383 cxstimct
395 366 434 389 ca,
448 367 506 393 quse
519 367 533 384 a
548 367 590 385 me
605 357 732 386 dicuntur
744 381 750 389 ,
766 360 910 387 verborum
925 359 1003 386 dum-
1022 363 1039 384 B
1058 362 1086 388 ἐκ
1102 362 1153 387 τῶν
1169 362 1311 399 εἰρημένων
1322 362 1397 399 ὄγκον
1416 363 1578 400 βουλόμενος.
1604 363 1720 397 Ἐλπίζω
1735 365 1762 393 δὲ
1783 366 1823 394 ὃτι

258 408 331 429 taxat
344 412 470 440 pompam
483 412 538 430 esse
549 414 554 429 ε
566 403 621 431 hacc
635 404 704 431 enim
719 404 795 431 vobis
809 414 1001 431 commemora-

259 457 334 482 mus,
349 458 408 485 quae
434 448 510 475 vobis
535 448 599 487 ipsis
620 449 759 487 explorata
781 456 859 485 sunt;
879 449 1005 486 quodque

259 502 306 520 uos
319 493 603 529 minimementiamur,
615 504 668 532 [ιι-ει·
681 494 783 521 cacteris
798 494 849 532 ipsi
863 501 939 522 testes
949 504 1005 522 esse

258 538 371 575 queatis.
393 532 524 576 Legentes
550 539 620 566 enim
646 538 788 576 agnoscitis
799 561 806 573 ,
833 539 905 576 quod
915 562 922 575 ,
944 550 1004 578 qua:

259 593 306 611 uos
320 594 347 611 re
359 584 414 622 ipsa
428 584 586 622 praestitisse
602 591 767 622 compertum
782 584 885 612 habetis
895 607 901 619 ,
914 596 942 613 ca
957 597 1004 625 per

257 628 347 657 literas
361 640 466 666 quoque
486 628 662 667 praedicamus
673 641 678 655 :
690 639 736 656 nec
751 630 932 659 testimonium
951 642 1003 660 ve-

257 683 342 704 strum
358 677 441 704 literis
468 676 563 703 nostris
589 683 740 714 repugnat,
755 676 801 705 sed
817 688 909 706 earum
931 679 1008 718 ipsaae

257 731 316 748 rum
337 721 441 749 lectioni
467 727 594 748 consonat
616 721 671 749 haec
692 722 821 760 cognitio,
839 734 919 761 quam
943 732 1003 754 ante

255 765 288 793 de
303 766 378 793 uobis
393 765 541 793 habebatis.
558 766 604 793 14.
623 766 703 795 Sicut
718 774 745 795 et
760 770 935 806 cognovistis
951 780 1002 798 nos

254 821 290 837 αι·
311 817 405 848 parte.
422 811 516 848 Neque
540 811 611 839 enim
632 822 667 840 ex
688 813 802 841 aliorum
827 824 947 843 sermone
961 826 1002 844 res

255 862 356 883 nostras
371 856 542 893 cognovistis,
558 857 604 885 sed
617 868 650 885 ex
667 858 724 897 ipsa
739 859 916 897 experientia.
930 861 1003 890 Illud

254 907 356 937 autem,
368 903 416 929 Ex
424 908 518 940 parte,
527 902 663 931 modestiae
675 914 755 932 causa
767 904 848 933 dixit.
860 905 917 934 Hoc
932 908 1003 935 enim

255 946 305 985 ipsi
321 947 348 975 in
365 958 438 975 more
452 947 568 986 positum
583 956 621 977 est
636 971 644 986 ,
660 960 721 978 cum
744 951 898 980 necessitate
911 952 1002 981 addu-

255 999 312 1020 ctus
331 996 434 1031 (neque
459 994 531 1022 enim
557 994 623 1023 alias
644 995 694 1024 hoc
719 996 799 1033 facit)
814 998 904 1035 magni
919 997 952 1027 de
976 1010 1003 1028 se

255 1038 395 1077 quidpiam
412 1039 603 1078 pronuntiarit,
613 1048 642 1069 ut
655 1052 747 1070 eorum
759 1053 817 1080 quae
826 1042 897 1072 dixit
911 1051 1000 1073 tumo-

254 1096 309 1113 rem
331 1086 420 1114 statim
439 1087 572 1115 retundat.
588 1089 675 1127 Spero
700 1096 797 1118 autem
817 1092 896 1129 quod
914 1094 1002 1121 etiam

253 1142 343 1170 usque
365 1134 395 1159 in
411 1133 502 1170 finem
522 1136 710 1172 cognoscetis.

293 1179 320 1205 Q.
333 1177 418 1207 Vides
432 1188 541 1206 rursum
557 1190 611 1217 quo
633 1187 711 1218 pacto
729 1192 744 1209 a
762 1182 904 1220 praeteritis
918 1183 1000 1212 fidem

252 1223 350 1251 futuris
358 1223 488 1258 adstruat,
504 1235 551 1252 nec
562 1236 575 1252 a
587 1227 728 1264 praeteritis
739 1234 852 1264 tantum,
862 1229 909 1257 sed
920 1229 1000 1258 etiam

252 1280 266 1296 a
288 1269 336 1297 Dei
361 1270 496 1308 potentia?
511 1272 601 1309 Neque
617 1272 687 1301 enim
702 1273 822 1302 absolute
836 1276 998 1311 affinnavit,

252 1314 297 1342 sed
316 1315 366 1343 hoc
388 1323 472 1344 totum
493 1316 631 1355 adipsum
648 1330 784 1357 spemque,
798 1331 877 1358 quam
893 1321 920 1349 in
935 1322 996 1361 ipso

252 1360 366 1399 positam
391 1362 481 1399 habet,
503 1362 640 1401 relegavit.
666 1366 751 1402 Quod
776 1366 874 1404 gloria
894 1374 995 1396 vestra

251 1417 360 1441 snmus,
373 1410 448 1436 sicut
464 1415 491 1436 et
508 1419 562 1437 vos
578 1416 679 1438 nostra
693 1413 722 1438 in
739 1412 786 1439 die
805 1413 926 1440 Βοηιῐηι
943 1425 995 1441 no-

251 1454 305 1480 stri
326 1454 397 1481 „lesu
424 1454 543 1483 Christi.
561 1455 617 1483 Hoc
641 1455 699 1483 loco
715 1456 858 1493 invidiam,
874 1469 953 1496 quam
966 1470 996 1487 ea

251 1508 310 1535 quae
335 1499 458 1536 superius
480 1498 585 1527 dixerat
613 1500 663 1539 ipsi
689 1502 821 1530 concitare
840 1510 994 1541 potuerant,

250 1543 379 1577 succidit,
393 1543 459 1572 dum
471 1544 504 1572 ad
519 1555 609 1572 eorum
624 1557 682 1583 quze
695 1554 763 1575 recte
780 1555 804 1575 et
822 1558 882 1576 cum
897 1549 996 1578 virtute

251 1595 365 1625 gesserat
383 1590 546 1618 consortium
562 1601 592 1618 ac
607 1592 757 1620 societatem
775 1594 846 1632 ipsos
863 1594 995 1624 adsciscit.

250 1634 309 1661 Non
325 1634 395 1662 enim
410 1634 478 1663 intra
490 1646 536 1663 nos
552 1637 739 1673 constiterunt,
754 1638 800 1666 sed
816 1639 850 1667 ad
865 1650 913 1668 vos
927 1651 994 1678 quo-

249 1690 302 1717 que
316 1679 471 1717 dimanant,
486 1692 516 1710 ac
538 1682 659 1711 vicissim
674 1695 689 1711 a
704 1684 781 1712 vobis
799 1685 833 1713 ad
848 1696 903 1714 nos.
920 1688 995 1722 Quo-

250 1727 322 1755 niam
346 1728 417 1756 cnim
442 1729 559 1768 seipsum
580 1731 722 1768 extulerat,
739 1742 770 1760 ac
795 1734 994 1771 praeteritorum

249 1781 436 1811 argumentum
459 1776 630 1813 exhibuerat,
643 1784 667 1805 et
684 1777 829 1807 defuturis
844 1781 994 1819 spoponde-

250 1826 308 1846 iat
324 1830 356 1847 ne
370 1819 504 1848 auditores
515 1831 575 1849 eum
585 1828 721 1860 tamqnam
737 1833 832 1861 magna
840 1825 874 1852 de
882 1836 909 1853 se
923 1837 994 1864 prze-

248 1863 403 1892 dicantem·
397 1873 564 1900 incesserent,
579 1874 659 1904 atque
674 1868 700 1896 in
713 1868 862 1906 invidiam,
874 1877 903 1898 ut
916 1871 992 1908 dixi,

248 1909 467 1947 prolaberentur,
482 1911 666 1949 gloriationem
681 1923 742 1941 cum
760 1913 823 1952 ipsis
844 1917 992 1944 communi-

248 1961 301 1991 cat,
318 1962 397 1993 atque
411 1955 480 1983 hanc
482 1932 606 1985 blandum
621 1967 744 1986 coronam
760 1959 792 1987 ad
816 1959 887 1998 ipsos
907 1962 991 1999 perti·-

249 2010 310 2028 nere
321 2000 369 2028 ait.
386 2002 455 2029 Nam
473 2001 494 2029 si
511 2001 574 2029 tales
589 2013 778 2041 appareamus,
792 2004 887 2043 inquit,
902 2013 991 2035 nostra

248 2044 306 2072 laus
322 2052 408 2073 vestra
421 2045 506 2084 gloria
523 2053 575 2074 est:
586 2047 813 2084 quemadmodum
829 2050 930 2079 scilicet
944 2063 991 2081 nos

248 2101 365 2128 quoque,
382 2091 447 2119 dum
464 2103 511 2120 vos
529 2093 608 2121 laude
626 2100 704 2132 atque
724 2095 808 2133 gloria
822 2097 990 2135 floretis,ex-

247 2137 389 2173 suh-amus,
407 2138 534 2177 gestimus
545 2146 569 2168 et
583 2150 750 2169 coronamur.
763 2143 848 2180 Atque
861 2143 906 2172 hic
918 2155 989 2182 quo—

248 2194 300 2221 que
315 2194 407 2212 rursus
422 2195 469 2223 per
483 2195 512 2212 ea
527 2196 585 2223 quae
599 2185 684 2222 dixit,
704 2186 836 2224 ingentem
851 2189 990 2219 humilita—

249 2229 282 2256 tis
309 2240 363 2257 suae
387 2229 611 2268 significationem
642 2232 750 2269 praebet.
775 2234 833 2261 Non
861 2235 932 2263 enim
960 2243 989 2264 ut

247 2274 373 2313 magister
399 2275 432 2303 ad
458 2275 617 2314 discipulos,
644 2276 689 2305 sed
715 2284 745 2305 ut
769 2278 920 2318 discipulus
943 2281 989 2310 di-

246 2320 363 2359 scipulos
388 2320 541 2358 alloquens,
563 2322 600 2349 ita
624 2333 771 2351 sermonem
799 2330 988 2363 exoeq11at.Ac

246 2366 308 2394 xide
332 2377 385 2404 quo
405 2374 483 2405 pacto
508 2378 551 2395 eos
575 2368 703 2397 sublimes
732 2369 847 2407 efficiat,
869 2382 899 2399 ac
923 2373 986 2411 phi-

246 2410 365 2450 losoplua
396 2410 526 2449 impleat,
554 2411 620 2439 dum
648 2413 719 2451 ipsos
747 2413 781 2442 ad
812 2414 889 2443 illum
915 2416 986 2445 diem

246 2456 412 2484 tiansmittit.
430 2457 468 2484 Ne
490 2457 560 2485 enim
585 2458 651 2485 mihi
674 2460 813 2497 praesentia
828 2471 986 2490 commemo-

1059 405 1103 433 καὶ
1118 405 1166 438 ἕως
1180 406 1270 439 τέλους
1283 406 1466 445 ἐπιγνώσεσθε.

1096 1181 1171 1220 Εἶδες
1189 1187 1269 1216 πάλιν
1288 1187 1340 1216 ἀπὸ
1363 1189 1414 1216 τῶν
1436 1187 1616 1226 παρελθόντων
1633 1187 1667 1217 τὰ
1693 1186 1821 1226 μέλλοντα

1055 1232 1235 1269 πιστούμενον,
1251 1232 1294 1259 καὶ
1316 1231 1362 1259 οὐκ
1385 1231 1437 1259 ἀπὸ
1462 1233 1513 1259 τῶν
1528 1231 1709 1270 παρελθόντων
1733 1232 1821 1269 μόνον,

1055 1276 1123 1304 ἀλλὰ
1149 1277 1192 1304 καὶ
1218 1277 1270 1305 ἀπὸ
1293 1278 1340 1310 τῆς
1364 1279 1408 1304 τοῦ
1432 1278 1502 1306 Θεοῦ
1523 1277 1656 1315 δυνάμεως
1669 1289 1676 1313 3
1705 1278 1745 1306 Οὖ
1770 1278 1821 1316 γὰρ

1054 1323 1142 1354 ἁπλῶς
1162 1323 1329 1361 ἀπεφήνατο,
1355 1322 1423 1350 ἀλλὰ
1440 1322 1470 1350 τὸ
1488 1327 1540 1350 πᾶν
1561 1323 1603 1351 ἐπ’
1629 1322 1707 1351 αὐτὸν
1730 1322 1821 1363 ἔῤῥιψε

1053 1369 1097 1396 καὶ
1121 1369 1168 1403 τὴν
1197 1370 1232 1400 εἰς
1261 1368 1334 1396 αὐτὸν
1363 1367 1467 1396 ἐλπίδα.
1498 1367 1564 1397 t‘Ort
1593 1367 1720 1406 καύχημα
1747 1370 1820 1406 ὑμῶν

1052 1416 1142 1451 ἐσμεν,
1159 1413 1278 1451 καθάπερ
1303 1413 1346 1441 καὶ
1364 1414 1436 1450 ὑμεῖς
1453 1415 1539 1451 ἡμῶν,
1553 1414 1579 1441 ἔν
1608 1415 1640 1451 τῇ
1664 1413 1751 1452 ἡμέρᾳ
1774 1416 1820 1441 τοῦ

1052 1459 1148 1498 Κυρίου
1163 1461 1239 1495 ἡμῶν
1253 1460 1341 1493 Ἰησοῦ
1356 1459 1480 1497 Χριστοῦ.
1503 1458 1633 1486 Ἐνταῦθα
1654 1458 1697 1486 τὸν
1713 1459 1742 1486 ἐκ
1767 1461 1819 1487 τῶν

1052 1504 1194 1543 εἰρημένων
1209 1504 1380 1541 ὑποτέμνεται
1396 1503 1496 1542 φθόνον,
1512 1503 1636 1542 μεριστὰς
1658 1502 1749 1536 αὐτοὺς
1773 1504 1819 1532 καὶ

1052 1549 1188 1582 κοινωνοὺς
1204 1550 1315 1584 ποιήσας
1325 1551 1373 1583 τῆς
1393 1549 1468 1583 δόξης
1481 1551 1532 1577 τῶν
1549 1551 1627 1577 αὑτοῦ
1644 1549 1818 1588 κατορθωμά-

1051 1606 1111 1624 των.
1133 1597 1172 1624 Οὐ
1193 1595 1242 1634 γὰρ
1268 1595 1359 1634 μέχρις
1385 1597 1461 1632 ἡμῶν
1483 1594 1608 1629 ἕστηκεν,
1624 1594 1693 1623 ἀλλὰ
1715 1594 1760 1623 καὶ
1782 1597 1818 1628 εἷς

1050 1643 1122 1679 ὑμᾶς·
1133 1641 1259 1669 διαὸαίνει
1269 1663 1276 1675 ,
1293 1641 1336 1669 καὶ
1351 1641 1429 1669 πάλιν
1445 1641 1488 1679 ἀφ’
1501 1642 1573 1677 ὓμῶν
1585 1641 1621 1672 εἷς
1634 1643 1716 1678 ἡμᾶς.
1727 1640 1817 1669 Ἐπει-

1050 1686 1080 1721 δὴ
1097 1686 1146 1725 γὰρ
1161 1688 1256 1724 ἐπῆρεν
1281 1686 1380 1720 ἑαυτὸν,
1398 1686 1442 1714 καὶ
1460 1688 1511 1714 τῶν
1527 1685 1709 1725 παρελθόντων
1730 1685 1816 1725 παρέ-

1050 1744 1111 1771 εῖχεν
1132 1732 1273 1767 ἀπόδειξιν,
1287 1731 1376 1760 καὶτὰ
1391 1731 1520 1769 μέλλοντα
1541 1731 1730 1769 ἐνεγγυήσατο·
1748 1731 1816 1760 ὥστε

1051 1766 1086 1813 «ιη
1106 1779 1250 1815 ἐπισκηψαι
1273 1789 1331 1809 τους
1357 1777 1497 1809 ἀκούοντας
1520 1778 1555 1808 ως
1574 1777 1815 1816 μεγαληγοροῦντι,

1051 1822 1117 1858 μηδε
1133 1824 1168 1854 εἰς
1192 1821 1346 1860 βασκανίαν,
1369 1821 1434 1860 ὅπερ
1450 1822 1524 1860 ἔφην,
1541 1821 1717 1860 ἐξενεχθῆναι,
1734 1826 1816 1850 κοινοῖ

1049 1865 1078 1894 τὸ
1088 1878 1228 1905 καυχημα,
1240 1878 1284 1895 και
1301 1868 1331 1894 αὖ
1334 1869 1386 1895 τῶν
1398 1866 1465 1894 εἰναί
1481 1877 1545 1904 φησι
1558 1866 1601 1894 τὸν
1612 1868 1662 1894 τῶν
1677 1867 1814 1905 ἐγκωμίων

1048 1911 1173 1950 στέφανον
1187 1915 1286 1940 τοῦτον.
1298 1911 1343 1940 Ἂν
1357 1911 1409 1949 γὰρ
1428 1923 1539 1940 τοιουτοι
1553 1923 1685 1949 φανωμεν,
1695 1912 1783 1950 φησὶν,
1802 1914 1815 1941 ὁ

1047 1957 1150 1989 ἔπαινος
1158 1959 1233 1994 ἡμῶν
1244 1960 1316 1994 ὑμῶν
1327 1960 1342 1992 ἦ
1352 1954 1518 1995 δόξωῶσπερ
1529 1952 1572 1984 οὖν
1584 1957 1629 1985 καὶ
1637 1959 1709 1995 ὑμῶν
1717 1958 1816 1986 εὐδοκι-

1047 2002 1162 2039 μούντων
1173 2006 1248 2040 ἡμεῖς
1264 2004 1429 2042 ἀγαλλόμεθα
1439 2002 1484 2030 καὶ
1501 2005 1648 2041 σκιρτῶμεν
1664 2003 1708 2031 καὶ
1721 2014 1815 2042 στεφα-

1046 2048 1164 2085 νούμεθα.
1178 2049 1262 2077 Πάλιν
1270 2051 1400 2077 κάνταῦθα
1410 2047 1476 2076 πολὺ
1487 2048 1515 2076 τὸ
1526 2050 1573 2082 τῆς
1579 2049 1814 2087 ταπεινοφροσύνης

1046 2096 1122 2123 αὑτοῦ
1136 2095 1168 2122 δι’
1177 2090 1212 2122 ὧν
1224 2094 1324 2134 εἴρηκεν
1335 2093 1522 2122 ἐπιδείκνυται.
1535 2095 1575 2122 Οὐ
1588 2093 1639 2134 γὰρ
1647 2096 1682 2126 ὣς
1691 2094 1814 2123 διδάσκα-

1045 2141 1086 2171 λος
1102 2143 1248 2177 μαθηταῖς,
1270 2141 1327 2168 ἀλλ’
1342 2141 1377 2172 ὡς
1402 2139 1520 2177 μαθητὴς
1536 2142 1664 2176 μαθηταῖς
1678 2139 1815 2178 ὁμοτίμοις

1046 2185 1227 2224 διαλεγόμενος
1236 2208 1244 2222 ‚
1260 2185 1341 2217 οὕτως
1354 2184 1464 2218 ἐξισάζει
1481 2185 1523 2213 τὸν
1539 2184 1624 2223 λόγον.
1637 2185 1689 2213 Καὶ
1700 2185 1746 2213 θέα
1757 2187 1813 2218 πῶς

1045 2230 1136 2263 αὐτοὺς
1149 2230 1264 2270 ὑψηλοὺς
1277 2235 1360 2266 ποιεῖ,
1370 2230 1415 2258 καὶ
1430 2229 1582 2268 φιλοσοφίας
1596 2231 1708 2268 πληροῖ,
1722 2241 1812 2269 παρα-

1043 2276 1156 2314 πέμπων
1169 2276 1255 2315 ἐκείνῃ
1268 2279 1300 2315 τῇ
1314 2275 1411 2314 ἡμέρα.
1423 2275 1470 2309 Μὴ
1481 2274 1532 2313 γάρ
1541 2287 1585 2312 μοι
1595 2274 1629 2303 τὰ
1643 2274 1760 2314 παρόντα
1772 2275 1812 2304 εἴ-

1042 2334 1122 2358 πητε,
1146 2323 1224 2361 φησὶ,
1238 2322 1372 2357 τουτέστι,
1387 2321 1420 2350 τὰ
1438 2321 1523 2354 ὀνείδη
1533 2343 1541 2355 ,
1558 2319 1606 2352 τὰς
1619 2320 1763 2360 λοιδορίας,
1777 2321 1811 2349 τὰ

1040 2368 1192 2406 σκώμματα
1206 2367 1239 2396 τὰ
1258 2367 1331 2406 παρὰ
1344 2369 1395 2396 τῶν
1411 2367 1529 2395 πολλῶν·
1545 2365 1616 2394 οὐδὲν
1630 2365 1681 2404 γὰρ
1694 2365 1762 2404 μέγα
1777 2366 1810 2395 τὰ

1039 2413 1222 2449 ἐνταῦθα,οὔτε
1232 2413 1265 2442 τὰ
1273 2412 1378 2452 χρηστὰ
1389 2411 1447 2440 οὔτε
1457 2411 1490 2440 τὰ
1503 2411 1623 2449 λυπηρὰ,
1634 2412 1662 2439 οὖ
1674 2411 1706 2439 τὰ
1715 2411 1809 2450 σκώμ-

1039 2472 1124 2497 ματα,
1140 2461 1168 2488 οὐ
1180 2459 1212 2487 τὰ
1224 2458 1343 2497 ἐγκώμια
1359 2457 1392 2485 τὰ
1413 2457 1485 2495 παρὰ
1503 2458 1555 2484 τῶν
1571 2455 1732 2494 ἀνθρώπων·
1749 2457 1807 2485 ἀλλ’

244 2502 318 2538 retis,
333 2502 434 2540 inquit,
450 2502 499 2531 hoc
511 2510 549 2531 est
564 2504 672 2542 probra,
684 2505 815 2537 convicia,
828 2515 983 2545 scommata,
1002 2511 1019 2533 E
1039 2505 1222 2544 ἀναμνήσθητέ
1249 2516 1293 2543 μοι
1317 2507 1364 2538 τῆς
1386 2503 1486 2541 ἡμερας
1507 2502 1608 2537 ἐκῑῑνης
1629 2504 1676 2536 τῆς
1696 2501 1808 2541 φῡὸερᾶς

242 2558 301 2584 qua?
323 2547 399 2575 vobis
419 2560 432 2576 a
454 2548 588 2587 plerisque
615 2549 784 2585 iuferuntur;
807 2562 891 2590 neque
915 2553 986 2582 enim

242 2592 389 2630 quidquam
403 2593 446 2621 hic
459 2595 547 2631 magni
570 2595 695 2623 momenti
717 2603 765 2633 est,
781 2607 831 2624 non
848 2597 917 2635 laeta,
933 2609 984 2627 non

1038 2563 1082 2581 και
1105 2552 1264 2591 φρικώδους,
1289 2562 1314 2578 εν
1337 2553 1354 2587 ᾑ
1376 2549 1463 2577 πάντα
1478 2547 1725 2585 ἀνακεκαλυμμένα·
1738 2547 1806 2576 Τότε

1037 2599 1087 2637 γὰρ
1099 2610 1144 2626 και
1161 2600 1212 2634 ημε
1214 2601 1236 2628 ῖς
1257 2609 1282 2625 εν
1298 2598 1358 2633 ὑμῖν
1377 2607 1421 2623 και
1444 2596 1517 2631 υμεῖς
1536 2595 1561 2622 ἐν
1583 2595 1647 2630 ἡμῖν
1670 2593 1806 2621 καλλωπι-

1868 2415 1889 2539 ,ao-...a-
1876 2403 1879 2405 ,

1898 1818 1901 1886 ,ι

1894 1891 1900 1976 ‚¹
