1891 2866
113 1370 230 1392 Ilaerciiccn

88 1406 156 1423 uulal.

252 141 318 176 268
597 155 625 177 S.
654 155 794 178 Joxxxis

247 213 331 242 latum
347 224 400 242 esse
417 214 580 244 mandatum.
605 217 734 251 Quaenam
755 226 817 255 ergo
832 227 910 245 causa
921 217 978 245 cst?

249 262 350 288 Omnis
369 262 428 288 viri
442 267 529 298 caput
544 261 675 290 Clu-istus
702 268 752 291 est.
782 262 887 300 Ergone
901 262 979 299 etiam

248 306 356 333 Giwci?
365 306 548 344 Nequaquam.
558 308 625 335 Nam
635 308 655 335 si
669 318 763 347 corpus
776 308 873 337 Christi
890 319 980 337 sumus

247 358 271 380 ot
284 352 400 380 mcmbra
409 363 443 381 ex
459 361 541 392 parte,
556 360 581 382 et
600 353 648 382 hae
664 354 764 383 ratione
776 354 820 390 ille
834 362 913 394 caput
930 365 979 383 no-

246 404 331 426 strum
346 404 401 435 est;
425 408 516 427 eorum
530 399 577 436 qui
590 399 615 427 in
632 410 741 439 corpore
759 410 809 428 non
824 407 884 428 sunt
897 411 980 438 neque

247 443 363 472 membra
375 450 522 480 censentur,
536 452 614 483 caput
627 445 672 473 illc
682 456 732 473 non
752 446 831 474 suerit
846 457 852 472 :
866 456 980 485 quapro-

245 495 304 527 pter
318 500 378 517 cum
391 489 465 526 dicit,
481 491 591 527 Omnis,
601 490 853 529 subintelligendum
865 498 901 520 cst
913 491 980 520 fide-

245 534 288 563 lis.
302 535 431 564 Vidistin'
448 535 580 574 quomodo
599 547 679 576 supra
696 537 795 576 ubique
814 538 915 576 pudore
930 539 980 566 sus·

245 581 340 610 fundat
354 582 521 610 auditorem?
533 583 600 611 Nam
614 593 674 611 cum
694 582 727 611 de
746 583 854 612 caritate
871 584 980 613 dissere-

244 634 295 662 ret,
306 635 331 656 et
346 639 405 657 cuin
419 628 453 657 de
464 628 623 663 humilitate,
641 636 665 657 et
679 640 738 657 cum
751 629 784 658 de
800 630 977 670 eleemosyna,

244 674 306 703 inde
325 676 446 714 exempla
471 675 601 703 trahebat.
619 676 714 714 Caput
731 683 826 705 autem
852 679 980 707 mulieris

243 723 304 754 ‘trin-
315 728 402 760 caput
412 731 482 749 ‘vero
491 721 600 749 Christi
609 721 753 750 Deus.Hic
763 722 788 750 in
800 732 846 751 nos
858 723 980 752 insiliunt

242 766 405 802 haerctici‚ex
415 767 446 795 iis
454 777 511 804 quae
522 765 593 794 dicta
604 774 666 795 sunt
677 767 806 797 minorem
816 779 870 797 esse
880 769 980 798 Filium

242 812 437 851 ‹·xcogitantes;
450 811 496 840 scd
508 812 534 840 in
544 812 642 851 seipsos
655 812 769 842 irruunt.
780 814 809 842 Si
820 815 891 843 enim
902 823 980 855 caput

241 857 359 886 mulieris
368 865 406 886 est
417 857 470 894 vir,
482 857 655 897 ejusdemque
672 866 711 887 est
734 860 887 889 substantiae
900 869 980 901 caput

241 910 265 931 et
290 914 399 943 c0rpus3
422 911 501 943 caput
518 915 580 933 vero
602 905 701 933 Christi
725 913 762 934 cst
786 907 868 944 Deus,
894 908 979 937 Filius

240 950 359 989 ejusdem
371 957 451 988 atque
462 951 538 979 Pater
553 951 707 979 substantiae
719 959 767 980 est.
785 954 828 989 At,
843 953 977 992 inquiunt,

239 995 365 1024 nolumus
378 996 441 1025 hinc
452 996 589 1025 ostendere
600 997 670 1035 quod
687 998 794 1027 alterius
806 999 840 1028 sit
855 1000 978 1029 substan-

240 1041 294 1076 tiae,
310 1041 356 1070 sed
378 1042 478 1080 quoda
502 1043 580 1071 Patre
597 1043 752 1083 imperetur.
774 1045 848 1080 Quid
870 1046 905 1075 ad
928 1047 978 1076 hoc

239 1086 408 1115 dixerimus?
423 1088 503 1123 Quod
520 1099 581 1116 cum
600 1089 700 1117 humile
719 1090 858 1130 quidpiam
879 1092 978 1122 dicitur

239 1132 273 1161 de
288 1133 335 1161 illo
347 1143 407 1161 cum
421 1144 499 1162 carne
510 1134 665 1171 exsistente,
683 1134 711 1163 id
726 1136 798 1173 quod
814 1136 915 1166 dicitur
925 1149 976 1168 non

240 1180 274 1208 sit
285 1179 436 1209 divinitatis
451 1180 540 1209 vilitas
551 1187 576 1208 et
584 1180 708 1220 dejectio,
722 1193 782 1211 cum
794 1185 938 1213 oeconomia
950 1185 978 1214 id

240 1227 375 1267 suscipiat.
391 1228 521 1256 Caeterum
535 1228 580 1256 dic
594 1228 726 1266 quomodo
741 1229 769 1258 id
783 1241 854 1259 nunc
864 1231 905 1261 vis
917 1243 977 1272 pro-

239 1275 325 1303 bare?
342 1276 484 1312 Quoniam,
508 1276 607 1314 inquit,
632 1276 700 1305 sicut
713 1277 757 1306 vir
772 1278 878 1308 mulieri
893 1280 978 1320 impe-

241 1328 292 1356 rat,
309 1321 347 1350 sic
359 1328 384 1350 et
400 1322 477 1350 Pater
493 1322 607 1350 Christo.
631 1322 706 1361 Ergo
722 1323 791 1352 sicut
803 1324 926 1356 Christus
938 1328 978 1356 vi-

241 1378 280 1401 ro,
294 1367 331 1395 sic
345 1367 423 1396 Pater
434 1368 502 1396 Filio
516 1380 522 1395 ε
536 1370 636 1397 Omnis
653 1369 723 1398 enim
739 1372 807 1407 viri,
824 1371 921 1410 inquit,
930 1383 979 1402 ca-

238 1420 290 1452 put
303 1415 434 1443 Christus
447 1421 498 1443 est.
509 1414 607 1453 Ecquis
621 1415 677 1444 haec
686 1426 812 1454 umquam
821 1418 979 1449 admiserit?

239 1460 269 1489 Si
291 1461 362 1489 enim
375 1468 506 1498 quantum
528 1471 574 1489 nos
598 1462 720 1491 Christus
738 1472 854 1503 superat,
876 1472 978 1495 tantum

240 1508 318 1535 Pater
338 1506 437 1535 Filium
450 1518 457 1543 ;
472 1507 557 1545 cogita
575 1507 603 1535 in
617 1515 743 1545 quantam
765 1509 853 1549 ipsum
867 1511 978 1542 deducis

239 1553 380 1581 vilitatem.
391 1553 483 1591 Itaque
494 1563 545 1581 non
555 1553 644 1581 omnia
655 1553 734 1582 simul
747 1562 807 1584 sunt
819 1557 975 1586 examinan-

238 1598 273 1627 da
287 1599 354 1627 inter
370 1609 416 1627 nos
431 1606 454 1627 et
472 1600 568 1634 Deum,
587 1599 690 1628 etiamsi
706 1600 827 1630 similiter
840 1602 977 1642 dicantur;

239 1644 286 1673 sed
303 1644 442 1673 tribuenda
457 1652 496 1673 est
516 1646 572 1673 Deo
588 1645 695 1684 propria
710 1646 831 1685 quaedam
843 1651 978 1680 excellen-

241 1690 286 1726 tia,
298 1697 323 1718 ct
335 1697 406 1718 tanta
420 1697 519 1728 quanta
530 1691 586 1719 Deo
598 1698 737 1730 competat.
750 1693 819 1722 Nam
831 1695 853 1723 si
865 1695 916 1724 hoc
925 1707 977 1726 non

239 1736 423 1770 concesserint,
441 1736 524 1764 multa
547 1744 688 1775 sequentur
702 1738 827 1769 absurda.
842 1741 978 1781 Perpende

240 1789 329 1810 autem
343 1794 349 1809 :
363 1789 442 1821 caput
454 1782 554 1810 Christi
565 1784 649 1819 Deus,
662 1784 706 1812 hic
717 1792 806 1814 autem
820 1787 873 1816 viri
883 1795 908 1817 et
932 1789 979 1818 ille

240 1827 368 1856 mulieris.
378 1827 451 1865 Ergo
468 1827 491 1855 si
508 1827 535 1856 in
547 1829 670 1857 omnibus
682 1830 805 1859 similiter
817 1841 898 1872 caput
906 1835 977 1864 acci-

239 1872 356 1912 piamus,
372 1879 475 1901 tantum
489 1872 598 1902 distabit
612 1874 698 1903 Filius
713 1886 729 1903 a
751 1876 837 1914 Patre,
848 1887 978 1917 quantum

240 1929 287 1947 nos
301 1929 316 1947 a
330 1918 409 1947 Filio.
428 1917 483 1947 Sed
496 1919 575 1947 etiam
599 1920 694 1948 mulier
706 1927 809 1950 tantum
818 1934 833 1951 a
844 1925 921 1954 nobis
932 1926 976 1954 di-

239 1965 330 2001 stabit,
341 1971 468 2003 quantum
480 1975 527 1993 nos
542 1976 556 1993 a
570 1966 626 1994 Deo
636 1967 739 2003 Verbo;
750 1975 775 1996 et
789 1970 861 2007 quod
875 1978 912 2000 cst
933 1973 977 2001 Fi-

239 2011 291 2040 lius
303 2021 362 2049 erga
376 2012 490 2047 Pan-em,
505 2011 555 2039 hoc
569 2018 594 2040 et
608 2022 655 2041 nos
671 2013 769 2042 erimus
790 2025 851 2054 erga
865 2017 975 2053 Filium,

239 2061 263 2083 et
275 2055 372 2083 mulier
392 2065 485 2083 rursus
505 2065 567 2094 erga
593 2056 692 2086 virum.
706 2058 804 2096 Ecquis
825 2060 876 2089 hoc
894 2062 978 2091 ferat?

238 2101 292 2130 Sed
307 2102 359 2130 alio
383 2102 463 2130 modo
478 2103 504 2131 in
528 2104 640 2132 muliere
658 2111 683 2133 et
701 2106 759 2134 viro
778 2115 857 2147 caput
871 2110 978 2150 accipis,

239 2158 320 2186 quam
330 2148 357 2176 in
367 2148 494 2177 Christo?
511 2149 602 2187 Itaque
616 2150 643 2178 in
660 2151 729 2180 Filio
751 2153 813 2182 etin
828 2155 915 2192 Patre,
925 2157 978 2186 ali-

240 2200 278 2221 ter
290 2193 366 2222 nobis
381 2194 568 2233 accipiendum
590 2202 638 2224 est.
654 2196 689 2224 Et
704 2199 848 2237 quomodo,
865 2201 978 2240 inquies,

240 2247 279 2268 est
293 2240 370 2268 aliter
384 2240 589 2279 accipiendum?
606 2242 760 2272 Secundum
781 2256 895 2277 causam.
910 2249 978 2279 Nam

239 2286 261 2313 si
276 2285 420 2325 imperium
437 2293 462 2314 et
476 2287 665 2326 subjectionem
680 2289 807 2319 voluisset
823 2292 922 2322 Paulus
936 2295 978 2323 di-

239 2342 307 2366 cere,
326 2338 354 2359 ut
374 2338 403 2360 tu
431 2331 510 2366 dicis,
522 2343 574 2360 non
589 2333 728 2363 mulierem
742 2335 769 2364 in
780 2337 899 2367 medium
920 2351 981 2378 pro-

240 2376 369 2413 duxisset,
386 2377 433 2406 sed
448 2378 536 2416 potius
546 2389 653 2408 servum
667 2387 691 2408 et
703 2379 852 2412 dominnm.
865 2383 979 2415 Etiamsi

239 2423 309 2451 cnim
332 2423 429 2452 mulier
443 2424 521 2453 nobis
548 2425 664 2465 subjecta
689 2427 732 2465 sit,
746 2428 792 2457 sed
813 2436 842 2458 ut
870 2431 976 2469 mulier,

269 2523 280 2542 b
300 2521 395 2555 [Iidem
408 2522 546 2557 ἀνθρώπων]

820 157 1001 179 Clim‘sos'r.

1031 155 1185 178 ARCIHFJ‘.
1214 155 1481 177 CONSTANTINOP-

1035 216 1145 255 νομένην
1159 212 1209 245 εἶδε
1224 216 1271 251 τὴν
1289 216 1403 251 ἐντολήν.
1424 216 1474 248 Τίς
1495 210 1538 243 οὖν
1556 217 1573 250 ἧ
1595 215 1679 251 αἷτία;
1695 215 1797 248 Παντὸς

1035 263 1125 301 ἀνδρὸς
1140 266 1156 298 ἡ
1171 262 1271 301 κεφαλὴ
1294 265 1306 291 6
1325 261 1437 300 Χριστός
1456 264 1534 290 ἐστιν.
1549 256 1604 300 Ἆρ’
1629 257 1671 290 οὖν
1690 261 1734 289 καὶ
1753 265 1798 290 τοῦ

1034 307 1180 343 υΕλληνος;
1192 309 1331 346 Οὐδαμῶς,
1347 309 1377 336 Ei
1392 307 1442 346 γὰρ
1454 307 1530 345 σῶμά
1541 308 1617 345 ἐσμεν
1629 310 1673 336 τοῦ
1684 308 1798 346 Χριστοῦ

1037 353 1083 381 καὶ
1094 354 1161 391 μέλη
1177 355 1206 383 ἐκ
1218 356 1310 394 μέρους
1319 376 1326 389 ,
1341 353 1384 381 καὶ
1397 353 1476 391 ταύτῃ
1496 355 1589 385 ἐκεῖνος
1602 354 1677 391 ἡμῶν
1689 351 1799 392 κεφαλὴ,

1036 401 1087 427 τῶν
1103 400 1149 428 οὐκ
1159 400 1238 429 ὄντων
1249 401 1274 428 ἐν
1289 401 1326 439 τῷ
1342 399 1444 437 σώματι
1455 399 1511 427 οὐδὲ
1526 400 1561 432 εἷς
1576 398 1642 436 μέλη
1657 397 1797 427 τελούντων

1036 446 1083 474 οὐκ
1097 444 1127 473 ἂν
1143 445 1181 481 εἴη
1196 445 1296 485 κεφαλή
1307 458 1312 463 ·
1325 445 1393 474 ὥστε
1403 445 1464 474 ὅταν
1479 445 1540 484 εἴτι-η
1549 468 1556 480 ,
1569 444 1682 479 Παντὸς,
1696 446 1741 472 τοῦ
1752 456 1798 473 πι-

1036 494 1096 520 στοῦ
1109 492 1147 520 δεῖ
1160 491 1376 532 προσυπακούειν.
1394 487 1468 524 Εἶδες
1484 494 1540 524 πῶς
1551 493 1685 530 πανταχοῦ
1701 490 1797 519 ἄνωθεν

1036 536 1153 577 ἐντρέπει
1163 537 1205 566 τὸν
1218 538 1348 577 ἀκροατήν
1360 551 1366 573 ;
1385 538 1436 566 Καὶ
1444 537 1494 577 γὰρ
1504 537 1547 566 ὅτε
1558 537 1618 576 περὶ
1631 537 1736 575 ἀγάπης
1749 536 1800 565 διε-

1035 583 1125 621 λέγετο
1134 606 1141 619 ,
1156 583 1201 612 καὶ
1214 582 1256 611 ὅτε
1270 583 1331 623 περὶ
1350 583 1601 622 ταπεινοφροσύνης,
1620 582 1665 611 καὶ
1681 582 1724 612 ὅτε
1738 582 1798 621 περὶ

1036 628 1226 667 ἐλεημοσύνης,
1248 631 1344 658 ἐκεῖθεν
1367 625 1436 658 εἷλκε
1456 630 1490 657 τὰ
1508 628 1722 668 παραδείγματα.
1744 630 1797 658 Κε-

1036 675 1106 713 φαλὴ
1121 674 1148 703 δὲ
1159 675 1280 713 γυναικὸς
1294 677 1307 703 6
1319 675 1385 715 ἀνήρ
1395 686 1400 692 ·
1415 674 1514 714 κεφαλὴ
1526 674 1552 703 δὲ
1567 675 1682 713 Χριστοῦ
1697 677 1710 703 ὁ
1722 674 1798 707 Θεός.

1036 720 1167 749 Ἐνταῦθα
1186 721 1348 756 ἐπιπηδῶσιν
1369 723 1434 759 ἡμῖν
1457 722 1481 749 οἱ
1504 720 1629 761 αἳρετικοὶ
1656 720 1799 750 ἔλάττωσίν

1036 779 1094 795 τινα
1105 768 1135 795 ἐκ
1146 769 1197 796 τῶν
1209 767 1352 806 εἰρημένων
1362 769 1521 799 ἐπινοοῦντες
1533 769 1571 806 τῷ
1580 767 1637 807 Υἰῷ
1646 779 1652 784 ·
1666 768 1724 796 ἀλλ’
1741 769 1799 796 ἑαυ-

1035 817 1088 845 τοῖς
1101 813 1311 852 περιπίπτουσιν.
1326 814 1359 842 Εἰ
1372 812 1422 852 γὰρ
1443 812 1543 853 κεφαλὴ
1556 812 1677 852 γυναικὸς
1691 814 1705 842 6
1719 812 1798 852 ἀνὴρ,

1035 858 1168 895 ὁμοούσιος
1184 858 1210 888 δὲ
1224 862 1241 895 ἦ
1260 858 1360 898 κεφαλὴ
1385 860 1421 898 τῷ
1444 858 1562 897 σώματι,
1581 857 1681 899 κεφαλὴ
1703 857 1731 887 δὲ
1753 862 1798 887 τοῦ

1035 905 1148 944 Χριστοῦ
1162 907 1175 934 6
1187 905 1267 941 Θεὸς,
1280 904 1414 943 ὁμοούσιος
1424 907 1437 934 ὁ
1453 905 1514 938 Υἱὸς
1527 907 1564 944 τῷ
1578 904 1675 945 Πατρί.
1686 904 1755 934 Ἀλλ’
1768 905 1797 933 οὐ

1033 951 1062 979 τὸ
1087 951 1244 991 ἕτεροούσιον
1269 953 1383 980 ἐντεῦθεν
1407 950 1541 984 ἀποδεῖξαι
1563 951 1723 990 βουλόμεθα,
1740 951 1798 980 ἀλλ’

1033 996 1073 1025 ὅτι
1087 996 1211 1036 ἄρχεται,
1230 997 1302 1036 φησί.
1318 997 1353 1026 Τί
1370 992 1413 1025 οὖν
1434 997 1498 1037 πρὸς
1519 1000 1594 1026 τοῦτο
1609 997 1728 1035 εἴποιμεν
1753 997 1798 1033 ἄν;

1031 1042 1095 1072 “On
1108 1043 1222 1081 μάλιστα
1235 1043 1291 1081 μὲν,
1304 1042 1364 1072 ὅταν
1379 1056 1404 1072 τι
1417 1043 1536 1072 ταπεινὸν
1548 1038 1657 1082 λέγηται
1670 1043 1737 1082 μετὰ
1751 1046 1797 1079 τῆς

1033 1090 1128 1129 σαρκὸς
1147 1090 1218 1123 ὄντος
1235 1092 1326 1126 αὐτοῦ,
1341 1092 1387 1119 οὔκ
1402 1091 1518 1119 εὐτέλεια
1532 1093 1580 1125 τ’ἧς
1599 1090 1719 1126 θεότητός
1739 1091 1796 1119 ἔστι

1033 1137 1062 1165 τὸ
1078 1137 1230 1174 λεγόμενον,
1248 1138 1295 1171 τῆς
1311 1137 1458 1174 οἰκονομίας
1479 1136 1621 1175 δεχομένης
1642 1136 1672 1166 τὸ
1695 1136 1795 1176 >iq-0551.

1034 1181 1108 1217 Πλὴν
1125 1183 1181 1211 ἀλλ’
1200 1181 1268 1217 εἰπὲ,
1286 1184 1341 1216 πῶς
1359 1185 1435 1211 τοῦτο
1455 1182 1542 1221 βούλει
1560 1185 1589 1212 ἐκ
1606 1182 1695 1212 τούτου
1713 1194 1797 1211 κατα-

1035 1227 1160 1257 σκευάσαι
1170 1231 1229 1263 νῧνς
1240 1227 1306 1256 σΟτι
1317 1227 1406 1267 ὥσπερ
1417 1230 1430 1256 6
1441 1228 1507 1268 ἀνὴρ
1521 1229 1598 1269 ἄρχει
1611 1231 1658 1264 τῆς
1669 1228 1797 1267 γυναικὸς,

1034 1274 1110 1313 φησὶν
1120 1296 1127 1308 ,
1147 1273 1214 1303 οὕτω
1232 1273 1277 1302 καὶ
1292 1276 1304 1302 6
1324 1274 1420 1314 Πατὴρ
1433 1277 1477 1303 τοῦ
1498 1275 1621 1314 Χριστοῦ.
1635 1275 1737 1304 Οὐκοῦν
1752 1274 1798 1303 καὶ

1034 1319 1124 1358 ὥσπερ
1136 1322 1148 1349 6
1162 1319 1276 1360 Χριστὸς
1289 1324 1333 1349 τοῦ
1345 1319 1465 1359 ι’σἰνδρὲις,
1478 1320 1546 1349 οὕτω
1560 1320 1605 1349 καὶ
1619 1323 1632 1349 6
1641 1319 1737 1360 Πατὴρ
1753 1324 1798 1349 τοῦ

1034 1367 1098 1395 Υἱοῦ
1110 1378 1116 1384 ’
1132 1366 1234 1398 Παντὸς
1242 1365 1293 1406 γὰρ
1305 1367 1404 1406 ἀνδρὸς,
1415 1367 1503 1406 φησὶν,
1516 1370 1532 1402 ἦ
1549 1367 1649 1406 κεφαλὴ
1662 1370 1675 1396 ὁ
1687 1367 1798 1407 Χριστός

1034 1413 1097 1442 ἔστι.
1118 1413 1171 1441 Καὶ
1194 1412 1233 1445 τίς
1251 1413 1281 1441 ἂν
1302 1415 1385 1442 ταῦτα
1407 1413 1576 1447 καταδέξαιτό
1593 1425 1669 1450 ποτε;
1691 1415 1725 1443 Εἰ
1747 1413 1798 1453 γὰρ

1033 1459 1094 1488 ὅσον
1111 1458 1140 1487 τὸ
1153 1459 1279 1498 ὑπερέχον
1294 1463 1339 1488 τοῦ
1355 1460 1418 1489 Υἱοῧ
1434 1460 1497 1500 πρὸς
1511 1463 1594 1498 ἡμᾶς,
1610 1463 1732 1489 τοσοῦτον
1750 1463 1797 1488 τοῦ

1033 1505 1138 1545 Πατρὸς
1152 1506 1216 1545 πρὸς
1230 1506 1272 1534 τὸν
1286 1506 1348 1534 Υἱον
1357 1528 1364 1540 ,
1378 1506 1496 1542 ἐννόησον
1508 1508 1544 1540 εἷς
1560 1507 1623 1542 ὅσην
1638 1507 1713 1535 αὐτὸν
1729 1505 1798 1540 ἄξεις

1033 1551 1079 1586 τὴν
1095 1551 1234 1580 εὐτέλειαν.
1245 1551 1332 1580 υΩστε
1344 1553 1372 1580 οὐ
1387 1552 1473 1580 πάντα
1488 1552 1583 1590 ὁμοίως
1598 1551 1745 1586 ἐξεταστέον
1758 1553 1797 1592 ἐφ’

1034 1599 1109 1634 ἡμῶν
1125 1597 1170 1626 καὶ
1192 1597 1235 1626 ἐπὶ
1253 1601 1298 1626 τοῦ
1320 1599 1401 1634 Θεοῦ,
1420 1597 1468 1626 κᾶν
1484 1598 1578 1636 ὁμοίως
1598 1598 1725 1638 λέγηται·
1738 1599 1796 1633 ἀλλ’

1034 1643 1211 1681 ἀπονεμητέον
1224 1645 1261 1683 τῷ
1276 1644 1337 1683 Θεῷ
1354 1655 1411 1672 τινα
1429 1643 1574 1678 ἰδιάζουσαν
1592 1644 1739 1684 ὑπεροχὴν,
1752 1643 1797 1673 καὶ

1033 1689 1161 1723 τοσαύτην
1174 1689 1237 1724 ὅσην
1253 1690 1323 1728 Θεῷ.
1340 1690 1373 1718 Εἰ
1384 1689 1434 1728 γὰρ
1448 1689 1485 1728 μὴ
1501 1692 1576 1719 τοῦτο
1591 1690 1798 1730 συγχωρήσομεν,

1033 1735 1118 1764 πολλὰ
1129 1735 1222 1774 ἕψεται
1235 1735 1268 1764 τὰ
1283 1736 1378 1764 ἄτοπα.
1390 1736 1490 1765 Σκόπει
1501 1736 1528 1765 δέ
1540 1749 1546 1754 ·
1558 1736 1658 1776 κεφαλὴ
1673 1740 1718 1766 τοῦ
1733 1737 1797 1776 Χρι-

1034 1784 1095 1810 στοῦ
1110 1783 1123 1809 6
1137 1781 1213 1817 Θεὸς,
1225 1777 1297 1814 οὗτος
1308 1781 1334 1811 δὲ
1348 1785 1393 1810 τοῦ
1407 1782 1507 1821 ἀνδρὸς,
1517 1784 1635 1816 κάκεῖνος
1649 1785 1695 1818 τῆς
1708 1795 1796 1823 γυναι-

1034 1826 1088 1860 κός.
1113 1828 1214 1856 Οὐκοῦν
1238 1829 1261 1855 εἷ
1281 1828 1324 1856 ἐπὶ
1341 1827 1446 1856 πάντων
1461 1828 1555 1865 ὁμοίως
1573 1828 1727 1867 ἐκλᾶὅοιμεν
1747 1828 1795 1864 τὴν

1034 1871 1164 1910 κεφαλὴν,
1179 1875 1301 1901 τοσοῦτον
1316 1872 1389 1901 ἔσται
1403 1876 1416 1902 ὁ
1431 1874 1491 1905 Υἱὸς
1506 1873 1660 1912 ἀφεστηκὼς
1674 1878 1720 1903 τοῦ
1733 1875 1794 1903 Πα-

1034 1917 1101 1956 τρὸς,
1116 1916 1174 1946 ὅσον
1194 1919 1269 1955 ἡμεῖς
1283 1919 1370 1947 αὐτοῦ.
1392 1917 1469 1947 Ἀλλὰ
1489 1919 1534 1947 καὶ
1553 1922 1570 1954 ἦ
1589 1919 1653 1958 γυνὴ
1675 1922 1796 1949 τοσοῦτον

1033 1966 1049 1997 ἡ
1054 1965 1109 2001 μῶν
1124 1964 1316 2000 ἀποστήσεται,
1333 1963 1391 1992 ὅσον
1406 1967 1481 2003 ἡμεῖς
1494 1969 1539 1994 τοῦ
1553 1967 1621 1995 Θεοῦ
1637 1966 1722 2005 Λόγου
1732 1978 1738 1984 ·
1752 1966 1797 1995 καὶ

1035 2008 1099 2048 ὅπερ
1111 2009 1180 2038 ἐστὶν
1195 2011 1208 2038 ὁ
1222 2010 1284 2043 Υἱὸς
1301 2010 1364 2049 πρὸς
1379 2010 1422 2039 τὸν
1438 2011 1558 2050 Πατέρα,
1572 2016 1647 2041 τοῦτο
1662 2012 1707 2041 καὶ
1720 2015 1797 2051 ἡμεῖς

1031 2054 1095 2094 πρὸς
1110 2055 1153 2083 τὸν
1168 2055 1240 2091 Υἷὸν,
1255 2056 1300 2084 καὶ
1310 2059 1326 2091 ἡ
1339 2056 1403 2095 γυνὴ
1415 2056 1479 2096 πρὸς
1489 2057 1532 2086 τὸν
1545 2057 1626 2097 ἄνδρα
1640 2058 1728 2088 πάλιν.
1742 2059 1796 2088 Καὶ

1032 2101 1069 2133 τίς
1081 2104 1164 2130 ταῦτα
1177 2101 1310 2139 ἀνέξεται,
1324 2102 1392 2131 Ἀλλ’
1405 2103 1498 2142 ἑτέρως
1510 2104 1683 2142 ἐκλαμὸἄνεις
1697 2104 1740 2134 ἐπὶ
1752 2117 1795 2144 γυ-

1032 2147 1119 2180 ναικὸς
1134 2148 1179 2176 καὶ
1201 2148 1292 2188 ἀνδρὸς
1314 2148 1361 2184 τὴν
1376 2148 1506 2188 κεφαλὴν,
1527 2149 1571 2178 καὶ
1585 2150 1634 2190 οὐχ
1648 2151 1683 2183 ὣς
1695 2149 1738 2179 ἐπὶ
1750 2153 1796 2179 τοῦ

1007 2207 1010 2212 ·
1032 2194 1162 2232 Χριστοῧ;
1179 2194 1282 2223 Οὐκοῦν
1303 2194 1346 2223 καὶ
1360 2195 1403 2223 ἐπὶ
1414 2198 1458 2223 τοῦ
1480 2196 1543 2224 *stou
1564 2196 1609 2225 καὶ
1627 2198 1672 2225 τοῦ
1691 2196 1795 2236 Πατρὸς

1032 2239 1125 2279 ἑτέρως
1140 2240 1281 2275 ε’κληπτέον
1298 2243 1370 2279 ἡμῖν.
1387 2241 1439 2270 Καὶ
1453 2243 1508 2274 πῶς
1526 2241 1620 2282 ἑτέρως
1638 2242 1794 2278 ἐκληπτέον,

1032 2285 1111 2324 φησί;
1134 2285 1209 2315 Κατὰ
1230 2286 1259 2315 τὸ
1279 2287 1368 2316 αἴτιον,
1385 2287 1437 2315 Καὶ
1452 2286 1503 2327 γὰρ
1523 2287 1596 2328 εἴπερ
1608 2287 1692 2326 ἀρχὴν
1710 2287 1794 2322 ἐζήτει

1031 2335 1112 2362 εἰπεῖν
1133 2334 1177 2362 καὶ
1200 2335 1332 2373 ὑποταγὴν
1346 2337 1359 2364 ὁ
1374 2336 1494 2371 Παῦλος,
1518 2337 1552 2368 ὡς
1573 2335 1603 2364 σὺ
1621 2335 1686 2376 φῂς,
1701 2338 1747 2366 οὐκ
1761 2337 1793 2366 ἂν

1029 2389 1140 2423 γυναῖκα
1162 2385 1314 2425 παρήγαγεν
1337 2387 1373 2418 εἷς
1396 2385 1487 2424 μέσον,
1509 2385 1577 2415 ἀλλὰ
1592 2387 1680 2416 δοῦλον
1695 2389 1793 2426 μᾶλλον

1029 2434 1073 2464 καὶ
1092 2435 1228 2471 δεσπότην.
1246 2436 1277 2464 Εἰ
1297 2435 1346 2475 γὰρ
1361 2435 1405 2464 καὶ
1420 2435 1596 2465 ὑποτέτακται
1611 2439 1674 2475 ἡμῖν
1688 2440 1704 2474 ἡ
1719 2438 1794 2477 γυνὴ,
