1891 2866
506 163 537 185 ΙΝ
566 161 670 185 ΕΡΙΞΤ.

68 231 111 260 ἵνα
124 231 157 260 τὰ
175 233 258 260 αὐτῶν
274 230 381 263 ἐκείνοις
395 230 579 269 ἐπιγράφηται.
596 230 664 259 Ἀλλ’
679 230 707 258 οὗ
720 228 753 258 τὰ
767 227 833 266 ἦμέ-

69 289 132 316 τεροι
151 280 267 306 τοιαῦτα.
282 276 350 306 Ἀλλ’
374 277 421 305 οὐκ
435 276 512 311 ἔθηκε
525 275 557 304 τὰ
578 276 712 315 ἡμέτερα,
729 274 762 304 τὰ
782 276 833 303 τῶν
845 302 868 320 ²6

701 161 722 183 Ι.
749 161 793 183 AD
819 160 894 182 COR.

924 158 1042 180 nonu„
1072 156 1167 178 xxxx.
1563 142 1629 177 505

887 232 939 254 tur.
953 223 1006 254 Sed
1021 230 1109 252 nostra
1121 232 1173 251 non
1182 229 1243 250 sunt
1254 221 1420 261 hujusmodi.
1430 221 1525 250 Nostra
1540 227 1630 250 autem

869 281 939 320 ¹non
953 270 1042 310 posuit
1056 269 1112 305 ille,
1126 279 1185 307 quae
1199 267 1391 308 prophetarum
1405 274 1468 295 sunt
1481 267 1557 295 dico:
1574 266 1630 295 illis

69 326 210 362 προφητῶν
224 323 293 362 λέγω
306 334 312 340 ·
328 321 373 351 καὶ
387 322 437 361 γὰρ
453 323 519 356 δῆλα
541 317 572 357 ἦν
593 323 680 354 αὐτοῖς
697 324 706 336 ³
717 320 834 356 ἅπαντα,
853 330 873 352 A
887 328 957 346 enim
969 316 1058 345 onmia
1069 315 1208 344 manifesta
1225 321 1310 350 erant,
1325 321 1350 342 et
1371 313 1398 342 in
1418 313 1472 341 illis
1483 313 1629 353 propheta-

70 370 115 398 καὶ
137 371 163 398 ἐν
183 371 267 402 αὐτοῖς
290 369 480 408 προεφήτευον,
503 370 538 401 ὡς
559 371 644 400 αὐτοῖς
664 367 763 407 πρέπον
788 362 834 402 ἦν,

70 414 137 453 μετὰ
151 415 277 448 συνέσεως
294 414 338 443 καὶ
353 414 496 453 ἐλευθερίας
515 414 628 448 ἁπάσης.
643 413 694 442 Aa&
706 425 745 442 τοι
759 415 835 441 τοῦτο

70 461 115 489 καὶ
129 464 173 490 τοῦ
187 462 268 489 εἰπεῖν
283 461 327 489 καὶ
341 463 385 489 τοῦ
400 460 436 498 μὴ
450 462 531 489 εἰπεῖν
549 456 616 495 ἦσαν
631 459 732 499 κύριοι·
745 460 772 488 οὐ
785 458 835 498 γὰρ

70 506 171 545 ἀνάγκῃ
192 506 357 545 κατείχοντο,
375 507 432 534 ἀλλ’
453 505 556 546 ἐξουσίᾳ
571 501 638 541 ἦσαν
656 504 834 543 τετιμημένοι.

69 552 120 581 Διὰ
135 554 211 580 τοῦτο
226 553 270 581 καὶ
286 552 375 585 Ἰωνᾶς
397 552 488 591 ἔφυγε,
503 551 546 580 διὰ
559 556 634 581 τοῦτο
648 551 693 580 καὶ
710 550 836 585 Ἰεζεκιῆλ

69 598 241 634 ἀνεὸάλλετο,
255 598 296 627 ’διὰ
311 602 385 627 τοῦτο
399 599 443 627 καὶ
454 598 582 637 Ἱερεμίας
598 602 750 638 παρῃτεῖτο.
764 597 798 626 Ὁ
809 595 836 626 δὲ

69 644 135 677 Θεὸς
154 645 182 673 οὐ
206 644 272 683 μετὰ
294 644 409 683 ἀνάγκης
428 644 520 677 αὐτοὺς
534 644 613 678 ὤθει,
628 643 694 673 ἀλλὰ
717 644 836 682 συμῖἰου-

68 690 164 726 λεύων,
181 693 315 730 παραινῶν
325 714 332 727 ,
348 692 476 726 ἀπειλῶν,
492 692 520 719 οὐ
535 693 635 719 σκοτῶν
646 690 693 726 τὴν
709 690 834 719 διάνοιαν.

70 736 200 775 Δαίμονος
211 737 257 775 μὲν
271 737 322 777 γὰρ
336 737 398 765 ἴδιον
408 758 415 771 ,
428 736 457 766 τὸ
467 736 574 776 Οόρυῧον
588 737 633 765 καὶ
647 736 741 774 μανίαν
753 740 836 764 ποιεῖν

70 783 114 812 καὶ
128 783 208 812 πολὺν
226 783 269 812 τὸν
284 784 373 822 ζόφον,
387 784 456 812 (θεοῦ
478 783 505 813 δὲ
515 806 522 819 ,
536 783 566 811 τὸ
578 782 697 822 φωτίζειν
711 782 755 811 καὶ
771 781 837 820 μετὰ

70 829 195 862 συνέσεως
214 829 343 858 διδάσκειν
364 829 397 858 τὰ
417 829 517 858 δέοντα,
534 829 632 868 Πρώτη
650 828 696 866 μὲν
718 824 761 857 οὖν
779 829 837 856 δια-

71 875 138 915 φορὰ
152 875 218 910 αὕτη
235 875 352 913 μάντεως
366 875 410 903 καὶ
425 874 559 914 προφήτου
571 886 577 892 ’
592 874 698 914 δευτέρα
710 873 736 902 δὲ
752 875 837 913 ἑτέρα,

70 921 102 955 ἢν
116 921 204 960 ἐφεξῆς
214 920 312 956 τίθησι,
323 921 405 959 λέγων
415 932 421 938 ·
435 921 482 949 Διὸ
494 920 611 960 γνωρίζω
621 922 694 958 ὑμῖν,
705 921 745 948 ὅτι
758 920 838 952 οὐδεὶς

71 967 209 1005 Πνεύματι
221 968 291 996 Θεοῦ
306 968 393 996 λαλῶν
403 989 410 1001 ,
425 967 496 1005 λέγει
513 967 631 1004 ἀνάθεμα
644 966 754 1001 Ἰησοῦν.
771 961 838 995 Εἶτα

70 1014 114 1042 καὶ
130 1013 205 1054 ἑτέρα
215 1026 221 1031 ·
234 1013 286 1042 Καὶ
299 1013 381 1045 οὐδεὶς
396 1013 503 1041 δύναται
517 1014 598 1042 εἰπεῖν
611 1011 706 1052 Κύριον
724 1013 838 1049 Ἰησοῦν,

70 1061 93 1088 εἰ
105 1059 142 1098 μὴ
157 1061 184 1088 ἐν
198 1059 336 1096 Πνεύματι
349 1059 425 1098 ἁγίῳ.
441 1058 525 1088 ςὈτοιν
538 1059 610 1097 ἴδῃς,
625 1058 702 1097 φησὶν
711 1079 718 1092 ,
730 1058 788 1087 τινὰ
801 1058 837 1096 μὴ

70 1105 242 1145 φθεγγόμενον
257 1106 287 1134 τὸ
299 1106 381 1144 ὄνομα
398 1105 492 1141 αὐτοῦ,
511 1104 528 1139 ἢ
547 1105 591 1133 καὶ
606 1105 838 1142 ἀναθεματίζοντα,

71 1152 163 1190 μάντις
175 1152 240 1181 ἐστί.
253 1152 354 1187 Πάλιν,
366 1151 426 1180 ὅταν
441 1151 498 1191 ἴδῃς
510 1150 596 1190 ἕτερον
609 1150 675 1189 μετὰ
685 1154 729 1180 τοῦ
744 1151 839 1190 ὀνόμα-

70 1210 112 1231 τος
128 1199 206 1227 αὐτοῦ
220 1198 307 1227 πάντα
317 1197 491 1237 φθεγγόμενον
501 1220 508 1233 ,
520 1196 631 1233 ι’νόησον
644 1198 683 1226 ὅτι
698 1210 840 1236 πνευματι-

70 1245 114 1278 κός
133 1247 199 1274 ἐστι.
213 1245 249 1274 Τί
267 1240 324 1281 οἶν,
338 1245 418 1284 φησὶ,
438 1244 498 1284 περὶ
517 1247 569 1273 τῶν
584 1244 788 1284 κατηχουμένων
809 1244 839 1273 ἂν

71 1291 204 1330 εἴποιμεν;
218 1293 240 1320 εἰ
252 1291 302 1331 γὰρ
314 1291 395 1323 οὐδεὶς
406 1290 512 1319 δύναται
525 1292 606 1319 εἰπεῖν
619 1290 715 1329 Κύριον
728 1290 839 1326 Ἰησοῦν,

71 1338 94 1366 εἳ
108 1337 145 1376 μὴ
159 1339 186 1367 ἐν
200 1337 336 1375 Πνεύματι
350 1337 430 1376 ἁγίῳ,
445 1337 471 1365 τί
485 1336 515 1365 ἂν
527 1336 644 1375 εἴποιμεν
659 1337 720 1377 περὶ
732 1337 840 1373 τούτων,

70 1385 248 1422 ὀνομαζόντων
264 1383 310 1422 μὲν
325 1385 402 1413 αὐτοῦ
418 1383 447 1412 τὸ
461 1384 557 1422 ὄνομα,
571 1382 725 1422 Πνεύματος
740 1383 766 1413 δὲ
780 1386 842 1413 ἀπε-

71 1430 237 1470 στερημένων
250 1443 257 1466 ;
271 1430 339 1460 Ἀλλ’
356 1431 385 1459 οὗ
400 1430 460 1469 περὶ
472 1429 571 1459 τούτων
584 1432 598 1459 ὁ
612 1430 688 1469 λόγος
703 1431 774 1470 αὐτῷ
784 1433 842 1460 νῦν·

71 1477 100 1505 οὗ
116 1477 167 1517 γὰρ
180 1472 246 1513 ἦσαν
261 1476 454 1515 κατηχούμενοι
468 1476 527 1504 τότε
541 1487 547 1493 ·
564 1475 632 1505 ἀλλὰ
657 1476 718 1515 περὶ
741 1478 841 1505 πιστῶν

71 1523 116 1552 καὶ
127 1522 252 1552 ἀπίστων.
261 1524 286 1552 Τ
289 1522 297 1550 ί
309 1518 361 1558 οὖν,
371 1522 453 1555 οὐδεὶς
462 1522 563 1560 δαίμων
576 1522 697 1560 ὀνομάζει
709 1522 751 1551 τὸν
760 1523 841 1558 Θεόν;

71 1569 131 1608 οὖχὶ
145 1571 169 1598 οἷ
185 1570 357 1607 δαιμονῶντες
371 1568 474 1607 ἔλεγον,
491 1567 609 1606 Οἴδαμεν
624 1580 653 1596 σε
668 1568 707 1601 τίς
722 1564 745 1597 εἶ
756 1570 769 1597 ὁ
781 1568 843 1601 Υἱὸς

70 1618 115 1644 τοῦ
125 1617 210 1651 Θεοῦ,
221 1615 279 1654 οὐχὶ
291 1615 390 1654 Παύλῳ
399 1615 496 1654 ἔλεγον,
506 1610 588 1643 Οὗτοι
600 1617 624 1643 οἱ
639 1615 771 1654 ἅνθρωποι
784 1616 841 1644 δοῦ-

71 1663 112 1690 λοι
123 1664 167 1690 τοῦ
180 1663 249 1690 Θεοῦ
264 1663 308 1689 τοῦ
328 1660 437 1700 ὑψίστου
450 1660 514 1689 εἰσίν
526 1673 533 1695 ;
544 1660 623 1689 Ἀλλὰ
640 1660 840 1698 μαστιζόμενοι,

71 1709 128 1737 ἀλλ’
143 1707 348 1745 ἀναγκαζόμενοι
361 1719 367 1724 ·
385 1706 486 1739 ἑκόντες
505 1707 530 1735 δὲ
546 1706 590 1735 καὶ
606 1706 643 1744 μὴ
659 1707 840 1746 μαστιγούμε-

70 1767 124 1789 νοι,
139 1755 260 1792 οὐδαμοῦ.
277 1753 361 1787 Ἄξιον
377 1753 403 1782 δὲ
418 1754 528 1781 ἐνταῦθα
549 1754 675 1789 ζητῆσαι,
690 1753 733 1782 διὰ
752 1753 778 1782 τί
796 1754 841 1782 καὶ

70 1803 84 1829 ὁ
103 1800 203 1839 δαίμων
224 1803 306 1829 ταῦτα
325 1799 463 1839 ἐφθέγγετο
475 1822 482 1835 ,
500 1799 545 1827 καὶ
565 1800 670 1832 Παῦλος
686 1799 840 1838 ἐπετίμησε.

70 1847 123 1876 Τὸν
139 1847 294 1875 ’διδάσκαλον
308 1846 350 1875 τὸν
366 1847 459 1875 ἑαυτοῦ
477 1845 636 1884 μιμούμενος
647 1857 653 1862 ·
668 1845 776 1885 καὶγὰρ
797 1846 841 1875 καὶ

71 1898 84 1922 ὸ
101 1893 213 1933 Χριστὸς
229 1892 387 1930 ἐπετίμησεν
399 1904 405 1909 ·
418 1892 476 1921 οὐδὲ
492 1891 542 1931 γὰρ
562 1891 684 1921 {Commo
698 1894 760 1931 παρ’
775 1892 842 1921 ἐκεί-

71 1952 122 1968 νων
136 1939 182 1975 τὴν
199 1938 344 1979 μαρτυρίαν
361 1938 439 1978 ἔχειν.
453 1938 531 1971 Τίνος
545 1937 571 1967 δὲ
586 1938 671 1967 ἕνεκεν
690 1938 734 1967 καὶ
748 1940 761 1967 ὁ
780 1939 840 1967 δαί-

74 1997 130 2024 μων
141 1985 222 2015 ἐποίει
233 1988 326 2020 τοῧτος
342 1985 501 2023 Βουλόμενος
521 1989 627 2023 συγχεῖν
646 1987 698 2013 τῶν
712 1985 841 2023 πραγμά-

72 2044 124 2060 των
148 2031 196 2068 τὴν
220 2031 305 2066 τάξιν,
330 2031 375 2060 καὶ
402 2031 520 2069 ἁρπάσαι
544 2033 596 2059 τῶν
630 2031 783 2060 ἀποστόλων
814 2032 844 2061 τὸ

74 2077 192 2116 ἀξίωμα,
205 2078 250 2106 καὶ
266 2082 356 2106 πεῖσαι
372 2076 483 2110 πολλοὺς
496 2073 632 2117 προσέχειν
648 2077 661 2092 *
671 2079 742 2117 αὐτῷ
757 2089 762 2094 ·
779 2078 843 2117 ὅπερ

74 2127 97 2154 εἰ
114 2124 240 2164 ἐγεγόνει,
255 2124 348 2163 ῥαδίως
363 2124 393 2152 ἂν
414 2125 529 2153 ἐντεῒθει·
545 2123 690 2157 ἀξιόπιστοι
708 2124 842 2164 φανέντες,

73 2171 119 2200 καὶ
132 2171 165 2201 τὰ
179 2172 242 2209 παρ’
256 2172 354 2199 ἑαυτῶν
366 2170 538 2209 ἓπεισήγαγον
549 2170 590 2199 ἄν.
603 2169 651 2199 Ἵν’
662 2165 706 2199 οἶν
718 2169 754 2209 μὴ
767 2173 843 2200 τοῦτο

73 2218 181 2257 γε’νηται
203 2217 269 2255 μηδὲ
286 2216 370 2257 ἀρχὴν
387 2219 404 2252 ἡ
425 2217 513 2252 ἀπάτη
534 2216 621 2254 λάὲῃ,
645 2216 689 2245 καὶ
703 2217 736 2246 τὰ
758 2218 842 2253 ἀληθῆ

73 2264 196 2304 λέγοντας
208 2263 380 2302 ἐπιστομίζει,
394 2262 462 2291 ὥστε
477 2263 504 2290 ἐν
515 2266 569 2295 τοῖς
583 2262 690 2301 ψεύδεσι
704 2264 765 2301 μηδ’
777 2263 843 2297 ὅλως

73 2313 132 2342 τινὰ
147 2314 233 2346 αὐτοῖς
249 2311 387 2353 προσέχειν
398 2333 406 2346 ,
422 2310 488 2340 ἀλλὰ
509 2311 619 2341 καθόλου
635 2312 698 2351 πρὸς
713 2312 746 2341 τὰ
765 2313 841 2352 λεγό-

75 2375 140 2401 μενα
153 2365 215 2403 παρ’
231 2365 315 2392 αὐτῶν
329 2362 505 2401 ἀποφράττειν
516 2361 563 2395 τὰς
576 2362 663 2395 ἀκοάς,
676 2362 779 2398 Δήλους
791 2364 842 2393 τοί-

886 366 952 394 liant
966 372 996 394 nt
1010 365 1081 404 ipsos
1098 363 1221 399 decebat,
1237 373 1298 391 cum
1313 361 1487 399 intelligentia
1503 368 1528 390 et
1548 361 1629 389 liher-

887 419 940 441 tate
954 409 1105 449 omni—Ideo
1121 419 1200 449 penes
1215 409 1276 437 illos
1286 415 1342 437 erat
1359 415 1384 436 et
1395 407 1469 445 loqui
1481 414 1505 436 et
1520 417 1571 436 non
1586 407 1630 435 lo-

888 458 935 496 qui
951 469 957 485 :
985 467 1069 495 neque
1094 455 1166 484 enim
1200 454 1354 483 necessitate
1386 453 1542 482 tenebantur
1555 476 1562 489 ,
1584 453 1631 482 sed

888 503 1025 543 potestatis
1041 502 1141 531 honore
1160 501 1252 530 donati
1267 507 1349 530 erant.
1363 499 1429 529 Ideo
1449 501 1530 529 Jonas
1549 499 1629 538 sugit,

889 550 948 578 ideo
973 548 1095 578 Ezechiel
1112 547 1235 584 distulit,
1251 546 1310 575 ideo
1330 545 1459 576 Jeremias
1480 546 1629 574 recusabat.

890 597 962 625 Deus
973 606 1037 624 vero
1049 605 1101 623 non
1116 605 1177 623 cum
1191 593 1344 622 necessitate
1358 591 1475 632 impellit
1488 591 1570 631 ipsos,
1587 591 1632 620 sed

890 642 1024 678 consiliis,
1039 641 1236 670 hortationibus
1259 647 1285 669 et
1307 639 1560 668 comminationibus
1579 639 1632 667 uti-

889 695 948 723 tur,
964 695 1079 716 mentem
1106 687 1220 716 tenebris
1243 697 1296 715 non
1319 684 1469 714 effundens.
1493 685 1631 714 Daemonis

890 735 961 763 enim
973 735 1113 774 proprium
1124 740 1197 762 estet
1208 733 1354 761 tumultum
1367 739 1391 760 et
1403 732 1519 760 furorem
1527 738 1551 760 et
1563 731 1633 760 mul-

890 789 944 810 tam
957 781 1100 810 immittere
1109 779 1324 819 ealiginem;Dei
1334 789 1400 808 vero
1412 785 1451 806 est
1466 778 1631 813 illuminare,

858 839 875 861 13
891 835 916 857 et
933 839 991 866 quse
1013 839 1081 867 opus
1101 834 1140 856 est
1153 837 1214 855 cum
1234 825 1410 864 intelligentia
1424 824 1528 854 docere.
1543 824 1633 853 Prima

890 884 953 913 crgo
967 874 1127 903 divinatoris
1143 880 1167 902 et
1182 872 1318 912 prophetae
1335 871 1487 900 differentia
1501 871 1558 899 haec
1577 877 1632 899 est:

890 920 1005 948 secunda
1019 931 1082 949 vero
1094 927 1132 948 est
1146 919 1208 955 alia,
1216 929 1297 957 quam
1306 918 1431 956 deinceps
1445 917 1520 956 ponit
1529 916 1633 945 dicens:

892 968 919 995 5.
934 967 1005 994 Ideo
1020 973 1119 995 notum
1131 968 1216 994 vohis
1229 967 1322 1005 facio,
1339 966 1417 1004 quod
1432 975 1514 992 nemo
1529 965 1560 991 in
1569 964 1634 1002 Spi-

891 1014 949 1041 ritu
963 1013 1019 1040 Dei
1029 1013 1161 1052 loquens,
1178 1013 1249 1040 dicit
1263 1013 1423 1040 anathema
1436 1011 1546 1039 Jesum.
1556 1009 1635 1038 Dein-

891 1058 925 1087 de
937 1059 1017 1087 etiam
1031 1059 1095 1096 alia,
1107 1059 1147 1086 Et
1163 1068 1246 1086 nemo
1258 1064 1351 1096 potest
1364 1058 1459 1086 dicere
1474 1058 1635 1084 Dominum

890 1105 1002 1139 Jesum,
1020 1106 1076 1133 nisi
1092 1106 1123 1132 in
1134 1104 1243 1143 Spiritu
1255 1110 1367 1132 sancto.
1380 1103 1449 1131 Cum
1464 1102 1576 1140 videris,
1593 1103 1635 1131 in-

891 1151 968 1190 quit,
986 1151 1139 1190 quempiam
1167 1161 1219 1179 non
1240 1150 1418 1190 proferentem
1440 1160 1536 1178 nomen
1557 1150 1633 1190 ejus,

892 1198 946 1226 imo
970 1198 1058 1237 ipsum
1085 1197 1367 1233 anathematizantem,
1381 1196 1403 1224 is
1425 1203 1463 1225 est
1490 1195 1634 1225 divinator.

892 1246 995 1274 Rursus
1005 1255 1066 1273 cum
1075 1243 1175 1273 videris
1185 1243 1270 1272 alium
1282 1254 1343 1272 eum
1358 1243 1464 1272 nomine
1475 1243 1531 1282 ejus
1547 1245 1635 1272 omnia

891 1292 1060 1330 loquentem,
1075 1291 1162 1329 cogita
1182 1290 1261 1319 illum
1287 1301 1342 1319 esse
1363 1289 1540 1329 spiritualem.
1562 1290 1635 1325 Quid

859 1345 878 1368 C
894 1348 967 1377 erge,
978 1337 1090 1376 inquies,
1099 1337 1133 1366 de
1145 1336 1339 1366 catechumenis
1349 1335 1520 1365 dixerimus?
1533 1336 1555 1364 si
1566 1336 1637 1365 enim

894 1394 970 1413 nemo
987 1390 1074 1424 potest
1093 1383 1179 1412 dicere
1194 1383 1340 1412 Dominum
1354 1384 1455 1418 Jesum,
1469 1382 1520 1411 nisi
1533 1382 1560 1411 in
1575 1382 1638 1422 Spi-

894 1431 949 1459 ritu
964 1437 1065 1465 sancto,
1080 1429 1147 1468 quid
1161 1429 1279 1458 dicemus
1290 1428 1323 1457 de
1337 1428 1389 1465 his,
1400 1429 1446 1467 qui
1461 1429 1518 1468 ejus
1528 1428 1638 1467 quidem

894 1487 991 1506 nomen
1003 1477 1152 1516 proferunt,
1161 1476 1263 1516 Spiritu
1273 1483 1362 1505 autem
1374 1476 1534 1515 privantur?
1542 1475 1594 1505 Sed
1604 1475 1639 1504 de

893 1523 937 1552 his
948 1534 1018 1552 nunc
1037 1523 1082 1552 ille
1094 1533 1146 1552 non
1161 1523 1216 1562 agit
1227 1534 1233 1550 ε
1247 1533 1333 1560 neque
1348 1522 1420 1550 enim
1433 1529 1497 1550 tune
1510 1521 1638 1551 catechu-

895 1571 967 1600 meni
986 1578 1076 1607 erant;
1092 1570 1137 1599 sed
1151 1570 1185 1599 de
1200 1569 1328 1598 fidelibus
1339 1577 1364 1598 et
1381 1569 1546 1598 infidelibus.
1562 1569 1637 1604 Quid

894 1628 957 1656 ergo
964 1617 977 1646 ¹?
984 1617 1108 1645 nullusne
1118 1616 1317 1644 daemonDeum
1323 1615 1442 1644 nominat
1450 1615 1463 1643 ἶ)
1471 1625 1559 1643 annon
1566 1615 1635 1644 dice-

893 1663 1120 1692 bantdoemoniaci
1129 1675 1134 1691 :
1143 1663 1284 1691 Novimus
1296 1668 1323 1690 te
1335 1663 1398 1701 quis
1405 1672 1445 1697 es,
1456 1662 1552 1690 Filius
1558 1663 1635 1690 Dei?
1648 1683 1654 1691 1

895 1720 981 1738 annon
990 1709 1074 1737 Paulo
1084 1708 1209 1738 dicebant
1216 1720 1222 1735 :
1230 1710 1286 1737 Isti
1296 1709 1427 1736 homines
1441 1710 1516 1737 servi
1524 1709 1582 1737 Dei
1592 1709 1636 1737 al-

896 1758 999 1785 tissimi
1008 1762 1086 1785 sunt.
1097 1755 1149 1784 Sed
1163 1754 1302 1794 flagellati,
1317 1754 1363 1783 sed
1374 1754 1473 1791 coacti;
1484 1761 1578 1794 sponte
1590 1765 1637 1783 au-

895 1810 948 1832 tem
956 1810 980 1832 et
991 1813 1042 1831 non
1050 1802 1143 1839 coacti,
1154 1812 1309 1840 numquam.
1316 1801 1367 1829 Hic
1373 1801 1431 1840 jam
1441 1801 1561 1840 apposite
1570 1812 1639 1840 qua:-

895 1856 983 1884 ratur,
994 1860 1042 1877 eur
1057 1849 1162 1877 daemon
1187 1847 1244 1876 haec
1262 1847 1424 1886 loqueretur,
1438 1854 1464 1875 et
1478 1857 1526 1876 eur
1538 1847 1639 1876 Paulus

862 1901 880 1923 D
895 1897 1229 1937 increpaverit.Ductorem
1239 1906 1333 1935 nempe
1345 1906 1423 1924 suum
1433 1895 1561 1924 imitatus.
1570 1896 1639 1925 Nam

895 1952 921 1974 et
929 1944 1052 1973 Christus
1067 1943 1227 1982 increpavit:
1241 1943 1347 1971 nolebat
1360 1942 1430 1971 enim
1439 1942 1473 1971 ab
1488 1942 1542 1971 illis
1556 1943 1639 1972 liabe-

895 2002 923 2019 re
948 1990 1138 2019 testimonium.
1151 1990 1240 2024 Quare
1250 1996 1337 2017 autem
1347 1987 1451 2017 daemon
1463 1989 1514 2018 hoc
1524 1989 1638 2028 agebat?

888 2034 996 2066 >Rerum
1008 2036 1128 2065 ordinem
1142 2034 1302 2064 confundere
1313 2035 1413 2072 volens,
1421 2042 1446 2064 et
1457 2035 1639 2075 apostolorum

895 2084 1016 2124 abripere
1031 2081 1381 2120 auctoritatem,multisque
1390 2081 1547 2121 persuadere
1559 2089 1588 2110 ut
1601 2083 1638 2111 si—

894 2132 924 2161 bi
938 2131 1103 2160 attenderent
1117 2143 1122 2158 :
1133 2130 1206 2169 quod
1219 2130 1241 2158 si
1252 2130 1352 2158 sactum
1367 2136 1444 2166 esset,
1457 2140 1518 2158 cum
1530 2129 1584 2158 fide
1595 2130 1639 2158 di-

896 2179 941 2218 gni
953 2178 1146 2218 apparuissent,
1156 2177 1231 2206 facile
1245 2187 1291 2205 sua
1304 2175 1523 2205 introduxissent.
1536 2177 1576 2204 Ne
1588 2176 1639 2205 hoe

895 2238 958 2266 crgo
975 2228 1058 2261 (ieret,
1074 2236 1157 2264 neque
1170 2225 1276 2253 fallacia
1297 2223 1404 2252 initium
1424 2223 1542 2259 duceret,
1557 2223 1637 2252 etiam

895 2284 957 2302 cum
971 2284 1034 2302 vera
1054 2272 1243 2310 loquerentur,
1259 2281 1305 2299 ora
1331 2270 1395 2309 ipsis
1412 2269 1539 2307 obstruit,
1557 2276 1586 2298 ut
1609 2270 1636 2299 in

895 2321 968 2350 salsis
980 2330 1057 2349 nemo
1069 2319 1134 2359 ipsis
1146 2319 1266 2347 animum
1279 2317 1427 2353 adhiberet,
1438 2316 1484 2345 sed
1493 2316 1527 2345 ad
1538 2327 1566 2345 ea
1577 2327 1637 2355 quae

895 2368 930 2397 ab
953 2367 1017 2407 ipsis
1041 2366 1193 2395 dicerentur
1217 2375 1293 2393 aures
1313 2364 1471 2392 obstrueret.
1493 2365 1637 2402 Postquam

75 2426 118 2443 νυν
132 2414 243 2449 ποιήσας
268 2413 327 2446 τοὺς
347 2413 452 2451 μάντεις
469 2412 512 2442 καὶ
526 2412 585 2446 τοὺς
599 2413 734 2452 προφήτας
756 2415 809 2445 ἀπό
823 2427 849 2445 τε
861 2424 879 2447 Ε
897 2424 960 2454 ergo
972 2421 1046 2443 vates
1057 2419 1082 2441 et
1094 2411 1237 2452 prophetas
1249 2409 1409 2439 distinxerat
1423 2417 1447 2438 et
1465 2420 1498 2439 ex
1510 2410 1599 2450 priore
1613 2416 1637 2438 et

111 2534 121 2544 ’Ἰ
141 2524 224 2558 [ἄπιτε
238 2526 267 2549 Α.
281 2525 318 2559 ik]

115 2566 125 2583 l*
143 2565 151 2597 l
165 2568 189 2589 Α.
205 2570 324 2592 viam-2312
339 2569 415 2595 μάψ-,σς
436 2565 501 2595 ἐπ’]

918 2524 927 2532 ’
946 2522 990 2553 [Λ,
1006 2521 1030 2544 Β.
1047 2516 1250 2549 ι’1.ῐη;ιι”,;’.5ειιί14
1266 2516 1358 2545 xima->l

1648 1735 1787 1763 Ac1.16.17.
