1906 2866
283 178 353 222 8.,6
631 192 659 215 s.

280 255 405 283 omnibus
420 254 546 284 liberatus
559 262 596 284 est
611 257 722 295 negotiis
737 268 796 295 quae
811 259 1018 296 sequunturde-

280 300 363 328 suncti
374 300 548 329 hereditatem
565 302 656 340 :quod
670 302 691 330 si
707 303 818 341 paulum
834 304 934 341 aliquid
955 304 1018 331 atti-

279 346 367 383 gerit,
394 346 497 374 etiamsi
523 357 574 375 non
603 348 734 387 acceperit
755 350 843 377 onmia
856 372 862 380 ,
893 349 1017 377 omnibns

688 193 744 215 1οᾸ
753 193 768 215 Ν
775 193 792 215 N
799 193 826 215 IS
853 194 914 216 CHR
920 194 1029 218 YSOST.

280 399 366 421 tamen
383 404 437 421 sese
461 394 605 422 obstrinxit
631 395 677 432 qui
703 402 805 434 partem
823 396 920 433 attigit.
942 395 1015 423 Idem

279 439 378 468 accidit
393 440 418 468 in
431 440 505 478 lege,
526 451 577 469 non
590 441 624 469 ob
646 442 718 469 hunc
739 449 841 470 tantum
857 452 935 479 quem
956 441 1015 469 dixi

279 486 407 522 modum,
423 498 516 515 verum
529 488 608 516 etiam
622 488 655 516 ob
669 489 752 516 alium
767 488 909 525 quemdam
926 499 931 514 :
950 488 1015 526 legis

279 532 349 560 enini
365 540 452 572 partes
478 533 589 561 invicem
616 533 756 561 cohaerent.
781 532 970 567 Circumcisio,
987 540 1015 561 ut

278 578 394 617 exempli
418 589 495 606 causa
521 578 626 611 dicam,
644 577 854 605 immolationem
881 578 1013 616 pecudum
1024 603 1044 620 Ἡ

1032 630 1051 651 Λ
1068 621 1170 659 ἡμέρᾳ,
1185 621 1201 655 ἢ
1217 623 1243 650 ἐν
1256 625 1287 660 τῇ
1305 623 1382 662 ὀγδόῃ
1401 623 1457 661 μὲν,
1471 624 1507 662 μὴ
1523 625 1600 659 οὔσης
1615 625 1641 653 δὲ
1662 625 1767 658 θυσίας·
1783 628 1830 654 θυ-

278 622 358 651 hahet
368 634 497 651 annexam
510 646 516 658 ,
529 634 558 651 ae
568 623 672 650 dierum
685 623 911 651 observationem:
923 623 1016 651 immo-

278 667 341 695 latio
351 679 443 697 rursus
452 676 508 696 tuin
518 668 570 696 diei
583 676 640 696 tum
655 669 705 696 loci
714 668 926 697 observationem
934 669 1016 697 habet

277 724 407 742 annexam
421 715 510 742 :locus
519 714 725 742 innumerabiles
733 714 922 753 purgationum
934 715 1013 744 ritus:

275 760 474 797 purificationes
501 769 611 787 examen
637 759 772 798 quoddam
799 760 1015 789 observationum

275 815 363 832 secum
374 804 496 832 adserunt
505 805 650 833 variarum.
662 807 721 834 Non
734 806 805 834 enirn
820 806 860 834 fas
872 813 911 834 est
926 806 1014 846 impu-

274 863 334 880 rum
349 852 500 880 sacrificare
510 875 517 888 ,
530 863 582 881 non
600 863 674 881 sacra
691 853 795 892 ingredi
812 853 911 892 adyta,
934 853 1014 882 deni-

275 908 325 935 que
339 908 390 925 non
405 897 479 926 aliud
506 898 654 937 quidquam
669 898 801 937 ejusmodi
823 909 912 927 rerum
928 910 1013 938 agere.

274 944 444 982 Quapropter
468 955 514 982 per
540 944 649 972 unicum
673 951 837 983 praeceptum
861 944 945 973 multa
970 945 1015 974 lex

272 989 390 1017 attrahit.
417 990 508 1028 Itaque
528 990 550 1018 si
574 990 792 1024 circumcidaris,
806 990 856 1018 nisi
870 990 1013 1019 circumci—

272 1035 344 1064 daris
370 1043 463 1065 octavo
477 1036 539 1073 die;
562 1043 608 1064 aut
629 1047 691 1064 cum
705 1043 798 1065 octavo
822 1036 931 1074 quidem
943 1059 950 1072 ,
967 1035 1013 1065 sed

273 1091 325 1109 non
353 1082 466 1110 offertur
493 1082 672 1118 saerifieinm3
695 1089 741 1110 ant
767 1093 827 1110 cum
849 1082 1012 1112 sacrificium

274 1127 382 1164 quidem
394 1128 507 1156 offertur
519 1151 525 1164 ‚
539 1128 584 1156 sed
600 1139 651 1156 non
662 1128 689 1156 in
704 1128 762 1156 loco
772 1128 918 1167 proefini103
931 1135 977 1156 aut
989 1129 1011 1157 si

274 1172 300 1199 in
316 1172 372 1200 loeo
387 1173 532 1211 proefinsso,
546 1183 598 1201 non
608 1172 830 1211 secundumlegis
840 1173 1008 1212 przescripta5

272 1225 318 1246 aut
332 1218 354 1246 si
367 1219 514 1247 secundum
530 1219 595 1257 legis
610 1219 775 1258 praescripta,
787 1219 831 1247 sed
843 1230 895 1247 non
910 1230 1009 1258 purus5

270 1271 316 1291 aut
330 1264 351 1291 si
373 1275 473 1303 purus,
496 1274 547 1292 non
572 1264 744 1292 conveniente
766 1264 819 1292 ritu
835 1264 1009 1302 purificatus,

270 1316 365 1337 cuncta
386 1309 432 1337 illa
449 1316 570 1348 pereunt.
590 1309 707 1337 Proinde
721 1308 804 1336 dicit:
822 1310 947 1337 Debitor
970 1316 1011 1338 est

271 1357 358 1383 totius
374 1355 443 1394 legis
459 1356 624 1393 implendae.
639 1355 719 1389 Quod
730 1355 752 1383 si
767 1354 812 1383 lex
825 1354 905 1382 habet
922 1361 1012 1383 aucto-

270 1401 393 1435 ritatem,
407 1401 461 1428 noli
475 1408 577 1439 partem
594 1400 720 1440 implere,
736 1400 783 1428 sed
798 1407 880 1428 totam
894 1412 900 1427 ε
919 1400 941 1428 si
958 1411 1010 1428 non

268 1446 349 1473 habet
370 1446 573 1484 auctoritatem,
593 1457 626 1474 ne
642 1453 746 1485 partem
770 1445 879 1483 quidem
903 1456 1010 1474 servare

268 1493 344 1521 velis.
358 1493 387 1521 4.
405 1494 552 1522 Εναοιιαίἰ
567 1496 634 1522 estis
649 1504 667 1521 a
691 1494 806 1522 Christo
816 1515 823 1528 ‚
835 1495 1009 1532 quicumque

268 1541 298 1566 in
308 1539 595 1578 legejustificamini:
603 1541 724 1578 agralia
732 1540 889 1567 excidistis.
900 1540 1008 1567 Postea-

268 1595 349 1622 quam
378 1585 544 1623 argumentis
564 1595 620 1613 rem
641 1585 782 1624 probavit,
798 1584 923 1623 deinceps
945 1596 1007 1624 pro-

268 1629 390 1667 nuntiat,
418 1630 451 1658 de
472 1637 592 1659 extremo
615 1630 747 1669 supplicio
769 1630 921 1669 periculum
942 1640 1008 1659 esse.

268 1676 337 1704 Cum
356 1676 425 1704 enim
437 1676 458 1704 is
469 1676 514 1714 qui
528 1676 641 1705 recurrit
653 1676 688 1704 ad
699 1676 793 1714 legem,
809 1686 856 1704 nec
868 1675 930 1704 hine
945 1687 1006 1715 pos-

266 1721 299 1749 sit
314 1722 425 1750 salutem
438 1722 562 1760 consequi
579 1729 603 1750 et
617 1733 631 1750 a
641 1722 727 1760 gratia
741 1721 882 1757 exciderit5
902 1721 968 1759 quid
982 1722 1006 1750 ei

265 1767 399 1805 reliquum
410 1768 461 1796 nisi
471 1768 635 1807 supplicium
649 1767 859 1806 indeprecabile,
875 1767 941 1795 dum
959 1767 1005 1796 illa

268 1820 339 1840 caret
352 1813 458 1851 vigore,
470 1814 527 1842 haec
541 1825 604 1842 vero
616 1825 668 1842 non
679 1813 798 1842 admittit
807 1813 943 1841 hominem
952 1814 965 1841 ἒ)

307 1860 335 1885 9.
348 1858 521 1896 Posteaquam
547 1859 631 1896 igitur
651 1858 704 1886 illis
727 1858 778 1886 hoc
803 1864 880 1896 pacto
905 1865 1006 1886 metum

267 1903 359 1936 auxit,
376 1913 407 1930 ac
417 1910 531 1931 mentem
546 1903 655 1931 illorum
670 1903 848 1942 perturbavit,
864 1909 1005 1941 postquam

267 1947 381 1976 ostendit
393 1955 478 1976 totum
497 1948 666 1986 naufragium
682 1947 754 1986 quod
768 1947 919 1986 perpessuri
931 1954 1004 1979 sunt,

268 2001 282 2019 e
296 1991 445 2030 propinquo
456 1991 579 2030 patefacit
589 1991 643 2019 illis
654 1991 745 2030 gratiae
757 1997 862 2030 portum
873 2002 878 2017 :
892 1991 921 2019 id
932 1990 1005 2028 quod

268 2036 368 2074 ubique
392 2037 455 2065 facit
468 2059 474 2072 ,
498 2037 657 2065 facillimam
682 2036 763 2065 simul
795 2044 820 2065 et
844 2036 1006 2065 tutissimam

267 2081 451 2109 demonstrans
476 2081 550 2109 illinc
581 2092 636 2109 esse
667 2081 788 2110 salutem.
822 2081 885 2110 Ideo
913 2082 1006 2110 subdit

268 2125 376 2156 (licenst
395 2126 421 2154 5.
439 2127 499 2155 Nos
511 2129 585 2154 enim
598 2127 751 2165 perfidem
761 2129 792 2154 in
805 2129 907 2165 spiritu
916 2129 1005 2166 justi-

269 2176 316 2201 tite
330 2184 407 2212 spem
422 2176 591 2212 accepimus.
605 2174 697 2211 Nihil,
714 2174 811 2211 inquit,
826 2185 892 2213 opus
916 2174 1004 2202 habe-

268 2229 328 2247 mus
344 2219 398 2247 illis
414 2219 560 2257 legalibus:
583 2218 684 2246 sufficit
708 2219 778 2246 enim
801 2218 866 2246 fides
885 2219 921 2247 ad
935 2219 1002 2256 hoc,

268 2271 297 2292 nt
311 2263 391 2293 donet
405 2265 482 2293 nobis
504 2264 644 2303 spiritum,
657 2270 682 2292 et
702 2274 748 2303 per
771 2263 841 2292 hunc
853 2265 1001 2303 justitiam,

299 2380 309 2390 ἒ
328 2372 375 2405 [Α.
389 2372 509 2406 manuam]

300 2419 310 2429 ὓ
328 2412 417 2442 [Haec‚
428 2416 445 2437 εἰ
455 2415 497 2444 μὲν
508 2414 580 2446 κύρω,-
593 2415 603 2438 b
616 2417 694 2445 νόμος,
704 2420 756 2445 quae
771 2413 794 2436 in
807 2411 890 2435 Ed'uis
902 2417 926 2435 et
937 2412 965 2435 A.
978 2410 1022 2435 de-

266 2455 323 2473 sunt
331 2469 337 2479 ,
349 2450 439 2474 Montf.
449 2459 508 2476 vero
520 2459 550 2475 ex
562 2452 702 2483 Interpretc
715 2456 772 2483 post
783 2449 859 2475 verba
872 2455 898 2476 τὸ
908 2457 952 2476 πᾶν
963 2459 1023 2482 sup-

266 2488 356 2520 plerit,
370 2498 415 2515 nos
428 2491 505 2515 secuti
525 2489 643 2514 Snvilium
664 2491 862 2522 transposuimus
881 2489 952 2514 initio
966 2496 1021 2513 scn-

266 2527 369 2560 tentiae]

1059 196 1077 217 Α
1084 196 1211 218 ncnlm‘.
1239 196 1300 218 CON
1307 195 1492 220 STAN'HNOP
1499 212 1506 220 .

1073 260 1141 297 τομὴ
1159 260 1250 288 θυσίαν
1275 261 1331 298 ἔχει
1354 261 1559 300 συνεζευγμένην
1579 263 1623 291 καὶ
1645 266 1751 303 ἡμερῶν
1779 278 1834 294 πα-

1073 305 1233 343 ρατήρησιν·
1259 308 1275 340 ἡ
1301 307 1377 335 θυσία
1400 307 1479 335 πάλιν
1504 308 1549 336 καὶ
1572 309 1673 349 ἡμέρας
1688 311 1732 338 καὶ
1751 311 1830 339 τόπου

1071 349 1199 386 φυλακὴν,
1213 352 1226 378 ὁ
1239 350 1316 383 τόπος
1332 352 1431 391 μυρίων
1447 355 1590 391 καθαρμῶν
1605 355 1730 392 τρόπους,
1744 357 1766 384 οἳ
1781 367 1833 383 κα-

1070 395 1165 433 θαρμοὶ
1182 396 1260 433 ἑσμόν
1275 408 1333 424 τινα
1354 399 1562 437 παρατηρήσεων
1583 400 1714 438 εἰσάγουσι
1728 400 1833 429 οποικί-

1068 441 1131 468 λων.
1146 441 1199 469 Τὸν
1212 441 1262 480 γὰρ
1277 442 1423 481 ἀκάθαρτον
1439 445 1466 472 οὔ
1481 444 1558 480 θύειν,
1573 447 1620 484 οὐχ
1635 448 1710 485 ἱερῶν
1727 446 1831 474 ἔπιῧαί-

1068 497 1119 514 νειν
1142 486 1252 521 ἀδύτων,
1266 489 1312 516 οὐκ
1325 488 1389 517 ἄλλο
1408 501 1433 517 τι
1451 491 1502 518 τῶν
1518 490 1639 519 τοιούτων
1650 495 1733 520 ποιεῖν
1751 491 1832 528 θέμις.

1068 529 1115 557 Διὸ
1130 530 1174 558 καὶ
1189 531 1275 560 πολλὰ
1288 531 1424 570 ἐφέλκεται
1438 534 1482 561 καὶ
1498 533 1540 561 διὰ
1554 536 1600 568 τῆς
1622 540 1683 571 μιᾶς
1699 536 1804 569 ἐντολῆς
1819 537 1833 563 ὁ

1049 573 1153 621 ὰνόμος.
1174 575 1219 604 Ἂν
1241 577 1325 605 τοίνυν
1342 580 1522 617 περιτμηθῇς,
1538 579 1574 615 μὴ
1603 580 1628 607 ἐν
1652 582 1684 618 τῇ
1710 579 1787 618 ὀγδόῃ
1805 580 1831 608 δὲ

1068 665 1126 698 σίας
1140 667 1166 695 δὲ
1179 667 1269 702 οὔσης,
1284 668 1320 705 μὴ
1332 669 1357 696 ἐν
1372 671 1409 707 τῷ
1422 669 1559 709 ὡρισμένῳ
1576 669 1603 699 δὲ
1617 670 1690 710 τόπῳ
1702 682 1708 688 ·
1722 670 1739 705 ἢ
1755 672 1781 699 ἐν
1793 673 1830 710 τῷ

1067 712 1205 752 ὡρισμένῳ
1217 713 1305 752 τόπῳ,
1322 714 1358 751 μὴ
1373 714 1405 742 τὰ
1421 715 1594 753 νενομισμένα
1614 716 1653 744 δέ·
1669 715 1686 750 ἢ
1703 715 1736 744 τὰ
1757 727 1831 744 νενο·

1068 758 1183 795 μισ-μένα
1201 758 1257 796 μὲν,
1272 759 1308 796 μὴ
1324 759 1436 798 καθαρὸς
1450 760 1477 789 δὲ
1496 760 1531 788 ὤν
1542 773 1548 778 ·
1562 760 1578 795 ἢ
1593 762 1704 800 καθαρὸς
1721 760 1768 799 μὲν
1783 761 1829 796 ὧν,

1067 805 1095 831 οὖ
1110 807 1162 835 τοῖς
1177 804 1340 843 προσήκουσι
1355 805 1381 832 δὲ
1397 808 1501 843 θεσμοῖς
1524 806 1661 845 καθαρθεὶς
1672 829 1678 841 ,
1688 806 1776 835 πάντα
1789 807 1830 835 οἴ-

1065 860 1142 887 χεται
1162 851 1256 878 ἐκεῖνα.
1273 850 1324 878 Διὰ
1344 850 1419 879 τοῦτό
1432 862 1519 889 φησιν,
1534 853 1573 879 ὅτι
1584 851 1739 890 Ὀφειλέτης
1760 852 1829 881 ἐστὶν

1066 894 1124 922 ὅλον
1134 894 1178 923 τὸν
1189 895 1267 932 νόμον
1283 896 1336 930 πλη
1342 898 1432 934 ρῶσαι.
1445 899 1455 910 ²
1464 897 1498 924 E}
1514 895 1561 934 μὲν
1577 896 1663 934 κύριος
1671 899 1684 925 ὃ
1693 896 1779 934 νόμος,
1792 897 1828 935 μὴ

1068 939 1144 978 μέρος
1159 940 1318 979 πληρώσῃς,
1331 941 1398 970 ἀλλὰ
1410 942 1439 970 τὸ
1450 946 1515 969 πᾶν
1528 943 1550 970 εἷ
1565 941 1591 969 δὲ
1604 942 1650 970 οὐκ
1660 941 1717 970 ἔστι
1727 941 1814 982 κύριος
1823 965 1831 978 ,

1067 985 1132 1021 μηδὲ
1146 985 1175 1013 τὸ
1188 986 1273 1025 μέρος.
1292 987 1485 1026 Κατηργήθητε
1500 987 1551 1015 ἀπὸ
1565 990 1610 1015 τοῦ
1619 988 1751 1026 Χριστοῦ,
1763 987 1832 1016 οἵτι-

1065 1042 1106 1062 νες
1115 1032 1140 1059 ἐν
1151 1030 1224 1069 νόμῳ
1237 1032 1397 1060 δικαιοῦσθε·
1409 1033 1456 1065 τῆς
1471 1031 1577 1071 χάριτος
1588 1032 1730 1065 ἕξεπέσετε.
1741 1032 1832 1062 Ἐπει-

1066 1075 1096 1110 δὴ
1121 1076 1171 1114 γὰρ
1197 1077 1397 1112 κατεσκεύασεν,
1416 1077 1589 1115 ἀποφαίνεται
1612 1078 1712 1111 λοιπὸν,
1727 1078 1771 1106 καὶ
1788 1078 1831 1106 τὸν

1029 1127 1045 1149 Β
1065 1120 1124 1158 περὶ
1139 1123 1190 1149 τῶν
1205 1121 1326 1159 ἐσχάτων
1341 1120 1487 1160 ι’κρημνῶν
1503 1122 1628 1150 κίνδυνον.
1642 1121 1729 1151 τΌτοιν
1749 1122 1800 1161 γὰρ
1818 1125 1832 1151 ὁ

1063 1168 1100 1204 τῷ
1112 1166 1185 1205 νόμῳ
1196 1167 1377 1206 προστρέχων,
1386 1168 1452 1204 μήτε
1461 1169 1556 1196 ἐκεῖθεν
1568 1168 1677 1202 δύνηται
1688 1167 1830 1203 σώζεσθαι,

1062 1211 1106 1240 καὶ
1120 1214 1167 1246 τῆς
1178 1212 1285 1251 χάριτος
1295 1213 1410 1251 ἐκπίπτῃ
1420 1235 1427 1248 ‚
1435 1213 1461 1241 τί
1475 1213 1504 1241 τὸ
1514 1213 1604 1241 λοιπὸν
1612 1236 1619 1248 ,
1628 1214 1685 1241 ἀλλ’
1698 1212 1715 1247 ἢ
1725 1213 1832 1246 κόλασις

1063 1257 1258 1295 ἀπαραίτητος,
1273 1261 1317 1286 τοῦ
1333 1258 1379 1295 μὲν
1395 1259 1560 1295 ἀτονοῦντος,
1573 1261 1620 1293 τ’ῆς
1641 1258 1668 1287 δὲ
1683 1260 1711 1287 οὖ
1725 1269 1831 1297 προσιε-

1067 1303 1146 1340 μένης
1161 1303 1252 1338 αὐτόν;

1102 1855 1221 1889 Αὖξῆσας
1239 1856 1323 1883 τοίνυν
1338 1856 1424 1883 αὐτῶν
1446 1855 1513 1883 οὕτω
1527 1855 1570 1883 τὸν
1586 1855 1674 1894 φόὲον,
1687 1856 1731 1884 καὶ
1745 1867 1827 1884 κατα-

1061 1900 1149 1932 σείσας
1165 1902 1249 1928 αὐτῶν
1262 1900 1310 1935 τὴν
1325 1900 1450 1934 διάνοιαν,
1466 1900 1511 1927 καὶ
1534 1899 1617 1932 δείξας
1643 1901 1672 1929 τὸ
1693 1901 1825 1939 ναυάγιον,

1060 1948 1073 1973 ὁ
1087 1945 1226 1983 μέλλουσιν
1248 1944 1398 1982 ὑπομένειν,
1418 1949 1480 1980 πᾶν,
1494 1944 1599 1983 ἐγγύθεν
1622 1945 1719 1983 ἀνοίγει
1740 1947 1827 1978 αὐτοῖς

1060 1994 1107 2026 τῆς
1117 1991 1225 2029 χάριτος
1239 1989 1282 2018 τὸν
1296 1989 1391 2027 λιμένα
1403 2001 1408 2006 ·
1424 1990 1437 2018 ὃ
1454 1993 1590 2028 πανταχοῦ
1605 1995 1688 2024 ποιεῖ,
1711 1991 1825 2019 εὐκολω-

1060 2037 1141 2071 τάτην
1154 2048 1182 2064 τε
1198 2036 1243 2063 καὶ
1263 2035 1461 2074 ἀσφαλεστάτην
1484 2037 1597 2063 ἐντεῦθεν
1613 2035 1763 2074 ἀποφαίνων
1776 2035 1824 2070 τὴν

1061 2082 1202 2120 σωτηρίαν,
1214 2081 1262 2109 Διὸ
1273 2080 1318 2108 καὶ
1333 2079 1424 2117 ἐπάγει
1443 2080 1527 2117 λέγων
1536 2091 1541 2097 ·
1550 2079 1582 2108 Ἥ
1588 2084 1644 2117 μεῖς
1655 2080 1705 2118 γὰρ
1720 2079 1763 2108 διὰ
1776 2080 1824 2109 πί-

1022 2134 1040 2157 C
1060 2139 1140 2159 στεως
1153 2129 1178 2155 ἐν
1190 2126 1320 2163 πνεύματι
1332 2126 1426 2153 ἐλπίδα
1439 2125 1604 2158 δικαιοσύνης
1614 2125 1824 2164 ἀπεκδεχόμεθα.

1059 2173 1170 2205 Οὐδενὸς
1184 2171 1289 2199 ἐκείνων
1302 2173 1353 2199 τῶν
1367 2170 1484 2208 νομίμων
1500 2171 1623 2208 δεόμεθα,
1641 2170 1733 2209 φησίν·
1750 2172 1825 2210 ἀρκεῖ

1058 2219 1108 2256 γὰρ
1129 2220 1145 2251 ἦ
1164 2217 1252 2248 πίστις
1265 2219 1329 2254 ἡμῖν
1350 2219 1454 2252 πνεῦμα
1467 2220 1624 2254 παρασχεῖν,
1642 2215 1686 2244 καὶ
1700 2217 1734 2244 δι’
1745 2217 1824 2245 αὐτοῦ

1059 2262 1235 2297 δικαιοσύνην,
1259 2262 1304 2290 καὶ
1325 2261 1357 2289 τὰ
1372 2260 1458 2289 πολλὰ
1477 2261 1521 2289 καὶ
1545 2261 1648 2299 μεγάλοι
1668 2261 1762 2299 ἀγαθά.
1776 2261 1823 2290 Ἐν

1106 2373 1118 2390 b
1137 2372 1144 2402 [
1157 2372 1226 2403 ΜΝΞ
1246 2369 1322 2394 Savil.
1334 2374 1481 2403 ἐπικρημνῶν.
1492 2368 1520 2393 Λ.
1530 2371 1675 2400 ἐπικρεμνῶν.
1686 2368 1822 2399 Interprvs,

1070 2410 1173 2443 Easque
1190 2409 1316 2441 suspendii
1335 2409 1360 2431 in
1379 2413 1485 2431 extremo
1503 2406 1653 2430 discr-[mine.
1667 2406 1773 2438 Legerat
1785 2405 1823 2430 vel

1071 2456 1168 2481 κρεμῶν,
1181 2447 1220 2472 vel
1232 2452 1365 2481 ἐπικρεμῶν.
1374 2447 1438 2470 Nam
1452 2444 1523 2469 nihili
1533 2450 1584 2475 est,
1596 2443 1664 2477 quod
1677 2443 1768 2470 editur.
1778 2446 1824 2469 In-

1070 2487 1107 2510 fra
1127 2491 1152 2512 τὸ
1172 2490 1246 2513 λοιπόν
1264 2494 1310 2518 pro
1324 2488 1399 2511 λοιπόν
1411 2485 1440 2510 Α.
1451 2489 1476 2508 ct
1492 2482 1566 2515 paulo
1583 2488 1641 2508 aute
1657 2489 1716 2515 μήτε
1729 2487 1761 2508 ἐκ.
1774 2491 1821 2515 pro

1069 2530 1101 2557 μὴ
1115 2524 1159 2556 im]
