1906 2866
170 2154 179 2166 ι.

184 2152 205 2165 ta

266 191 337 236 4515

265 274 370 302 quoque
379 264 402 292 ci
410 263 480 302 quod
492 263 557 292 dicit
567 263 647 293 fidem
659 265 764 294 faciens.
772 266 839 294 Nam
848 265 870 294 si
878 276 936 303 quae
944 272 1006 294 sunt

266 309 367 337 minora
378 317 532 344 evenerunt,
548 310 633 339 multo
646 311 731 349 magis
746 321 804 349 quae
822 318 882 339 sunt
895 310 1004 338 meliora

264 362 325 384 sunt
340 356 527 395 exspectanda.
539 356 606 384 Cum
614 367 676 395 ergo
687 357 809 384 futurum
822 357 855 384 sit
866 363 894 384 ut
908 356 1005 384 talibus

264 402 385 430 fruamur
394 402 482 438 bonis,
493 412 539 430 nos
551 401 578 430 in
590 402 640 430 hoc
653 402 748 430 ordine
760 402 927 435 collocemus,
937 407 962 428 et
974 411 1005 428 ne

263 447 407 475 defleamus
415 458 457 475 cos
468 447 513 485 qui
526 447 668 482 excedunt,
676 447 720 475 sed
732 458 774 474 eos
786 446 832 483 qui
843 446 925 473 vitam
935 445 1004 473 male

615 204 630 227 S
637 220 644 227 .
672 205 729 228 JOA
736 205 753 227 N
761 205 777 227 N
784 205 811 228 {S
836 204 1016 228 CHRYSOST.

1047 206 1065 227 A
1071 205 1187 227 chtEP
1194 219 1200 226 .
1229 204 1355 227 CONSTA
1361 204 1483 227 NTtNOP
1489 219 1496 226 .

1058 267 1176 303 ἀγαθῶν,
1190 266 1226 297 εἷς
1237 264 1335 298 ταύτην
1347 264 1454 297 ἑαυτοὺς
1465 265 1653 304 κατατάξωμεν
1664 266 1712 301 τὴν
1721 267 1792 301 τάξιν
1802 272 1822 303 ²,

1058 310 1102 338 καὶ
1118 310 1154 347 μὴ
1166 310 1299 347 κλαίωμεν
1311 309 1369 342 τοὺς
1382 310 1516 345 ἀπιόντας,
1526 311 1593 339 ἀλλὰ
1604 310 1662 344 τοὺς
1677 315 1764 345 κακῶς
1778 314 1822 342 τὸν

1059 355 1114 392 βίον
1137 355 1323 388 καταλύοντας.
1338 355 1416 384 Ἐπεὶ
1434 355 1479 384 καὶ
1500 357 1630 396 γεωργὸς,
1642 357 1703 386 ὅταν
1722 358 1762 396 ἴδῃ
1777 359 1821 387 τὸν

1058 404 1127 428 σῖτον
1140 400 1307 438 διαλυόμενον
1316 423 1323 436 ,
1338 401 1366 428 οὔ
1379 403 1481 439 θρηνεῖ,
1497 403 1554 429 ἀλλ’
1569 401 1617 434 ἕως
1629 402 1675 440 μὲν
1689 403 1718 430 ἂν
1736 403 1820 443 βλέπῃ

1057 446 1159 484 στερεὸν
1175 448 1200 475 ἐν
1212 449 1244 484 τῇ
1259 449 1293 485 γῇ
1312 446 1436 484 μένοντα,
1449 448 1547 476 δέδοικε
1562 448 1607 477 καὶ
1621 449 1728 488 τρέμει·
1745 451 1821 479 ἐπει-

264 494 369 522 finiunt.
385 494 452 522 Nam
465 500 489 521 et
509 494 624 532 agri-cola
640 504 700 521 cum
714 491 933 521 videi-iidissolvi
945 492 1003 519 sru-
1020 490 1038 512 Ε
1056 491 1101 519 δὰν
1127 493 1153 520 δὲ
1173 492 1214 531 ἴδῃ
1232 493 1400 528 διαλυθέντα,
1417 493 1514 533 χαίρει.
1531 494 1609 533 Ἀρχὴ
1625 494 1675 533 γὰρ
1691 498 1737 530 τῆς
1755 497 1821 533 μελ-

263 546 392 571 mentum,
416 550 468 567 non
494 539 664 575 lamentatur,
681 538 725 566 sed
741 537 868 575 quamdiu
892 536 1000 575 quidem

262 585 335 613 videt
356 585 473 613 solidum
494 595 599 612 manere
614 584 640 611 in
665 590 746 617 terra,
763 589 868 611 veretur
887 590 912 611 et
935 594 999 611 con—

261 631 403 662 tremiscit:
422 638 559 669 postquam
574 637 662 657 autem
676 628 754 656 fucrit
766 628 938 663 dissolutum,
949 629 999 657 133-

262 683 341 704 tatur.
366 677 476 704 Initium
499 676 568 703 enim
588 675 684 702 suturae
704 674 827 702 sementis
850 681 888 702 cst
909 674 999 703 disso-

261 722 336 749 lutio.
355 721 398 749 stc
412 732 459 749 nos
474 730 579 758 quoque
593 727 655 747 tunc
669 719 800 756 laetemur,
817 730 877 747 cum
893 719 998 748 cecide—

260 768 292 795 rit
305 768 398 795 domus
420 767 446 794 in
462 776 540 804 quam
559 765 631 793 cadit
650 765 783 801 interitus,
799 765 905 803 quando
919 765 999 794 homo

1054 537 1148 572 λούσης
1158 543 1257 576 σπορᾶς
1268 541 1284 573 ἡ
1300 538 1425 571 διάλυσις.
1440 539 1520 568 Οὕτω
1534 540 1578 568 καὶ
1592 542 1668 578 ἡμεῖς
1682 540 1740 569 τότε
1760 541 1820 579 χαί-

1056 594 1153 621 ρωμεν,
1167 583 1228 611 ὅταν
1243 584 1310 623 πέσῃ
1327 586 1344 618 ἡ
1362 584 1431 612 οἰκία
1442 587 1458 619 ἡ
1482 585 1598 624 φθαρτὴ,
1615 587 1676 615 ὅταν
1696 588 1784 624 σπαρῇ
1806 588 1820 615 ὁ

1054 627 1198 666 ἄνθρωπος.
1216 630 1268 658 Καὶ
1284 630 1320 666 μὴ
1341 630 1491 668 θαυμάσῃς,
1507 631 1528 658 εἷ
1552 631 1651 670 σπορὰν
1672 631 1720 666 τὴν
1734 630 1818 670 ταφὴν

1053 673 1161 702 ἐκάλεσε
1173 686 1178 691 ·
1194 675 1303 714 καὶγὰρ
1323 675 1389 709 αὕτη
1407 676 1515 713 βελτίων
1539 679 1555 712 ἡ
1581 677 1674 716 σπορά.
1696 676 1818 711 Ἔκείνην

1054 719 1099 757 μὲν
1118 721 1169 760 γὰρ
1185 721 1349 760 διαδέχονται
1365 722 1471 750 θάνατοι
1487 723 1531 751 καὶ
1551 722 1625 752 πόνοι
1646 723 1691 751 καὶ
1705 723 1818 752 κίνδυνοι

1053 765 1097 794 καὶ
1111 767 1257 805 φροντίδες,
1273 767 1368 802 ταύτην
1389 767 1431 804 δὲ,
1446 768 1475 796 ἂν
1493 769 1573 807 ὀρθῶς
1588 770 1686 807 βιῶμεν
1696 791 1703 804 ,
1719 768 1818 807 στέφα-

259 813 337 841 l'uerit
351 813 504 841 seminatus.
523 812 577 840 Nec
598 811 712 846 mireris,
729 811 750 839 si
765 812 928 850 sepulturam
944 823 996 840 vo—
1007 835 1043 853 ³92
1052 824 1090 841 νοι
1110 813 1154 841 καὶ
1176 813 1287 853 βραδεῖα
1300 825 1306 830 ·
1322 814 1366 842 καὶ
1380 814 1427 849 τὴν
1446 813 1508 852 μὲν,
1525 814 1606 853 φθορὰ
1626 815 1671 843 καὶ
1693 814 1816 849 θάνατος,

259 858 323 886 carit
357 864 519 894 sementem,
540 867 570 884 ea
591 856 661 884 enim
684 863 722 884 est
746 857 840 885 melior
860 858 994 886 sementis.
1015 863 1034 884 A
1051 858 1098 893 τὴν
1113 859 1140 887 δὲ
1153 859 1285 898 ἀφθαρσία
1300 859 1344 887 καὶ
1365 859 1494 888 ἀθανασία
1509 860 1600 889 καὶτὰ
1617 860 1698 898 μυρία
1712 859 1798 897 ἀγαθά
1809 871 1816 877 ·

258 904 325 931 Num
347 903 386 931 illi
407 903 518 941 quidem
532 902 651 931 succedit
665 912 736 930 mors
751 909 775 931 ct
790 902 905 937 labores,
922 903 995 942 peri-

257 950 315 978 cula
331 957 355 978 et
365 960 449 987 curoe5
464 949 529 978 huic
538 955 641 985 autem,
657 949 677 977 si
690 956 760 977 recte
772 949 907 986 vivamus,
922 960 997 978 coro-

257 1007 296 1024 nae
311 1003 335 1025 et
352 995 507 1035 praemia:et
520 995 559 1023 illi
574 994 684 1032 quidem
701 995 836 1033 corruptio
854 1005 885 1023 ac
900 995 995 1024 interi-

256 1051 297 1071 tus
312 1050 337 1071 et
353 1054 439 1079 mci-53
455 1042 519 1071 huic
534 1048 624 1070 autem
638 1041 746 1069 interitu
760 1052 857 1077 carere,
874 1041 997 1070 incorru—

255 1090 311 1128 ptio
323 1096 347 1117 et
358 1088 552 1125 immortalitas,
561 1095 587 1116 et
598 1088 666 1116 bona
681 1087 887 1115 innumerabilia
896 1099 902 1114 ε
911 1087 936 1115 in
948 1088 996 1116 illa

256 1135 428 1163 seminatione
450 1141 512 1162 sunt
535 1133 691 1172 complexus
705 1139 731 1161 et
745 1133 897 1172 voluptates
911 1140 937 1161 et
951 1144 995 1162 so—

254 1192 350 1217 mnus;
364 1181 391 1209 in
408 1181 458 1209 hac
473 1187 560 1208 autem
580 1190 635 1208 vox
658 1179 745 1208 solum
765 1190 779 1208 e
793 1179 863 1207 caelis
881 1179 994 1208 descen-

254 1227 331 1263 dens,
344 1234 368 1256 et
380 1227 468 1255 omnia
482 1226 563 1255 simul
579 1232 685 1265 repente
699 1225 886 1264 perficiuntur.
900 1225 935 1254 Et
947 1226 993 1264 qui

255 1273 379 1312 resurgit,
395 1283 446 1301 non
467 1272 583 1312 amplius
603 1271 728 1310 deinceps
742 1270 887 1300 adducitur
899 1271 934 1300 ad
948 1272 992 1301 vi-

253 1326 307 1347 tam
317 1319 488 1353 laboriosam,
497 1318 541 1347 sed
551 1317 585 1346 ad
598 1327 655 1345 eam
665 1317 735 1345 unde
744 1317 838 1355 effugit
848 1317 935 1354 dolor,
948 1317 991 1345 lu-

251 1372 310 1393 ctus
322 1372 347 1393 et
361 1364 485 1403 gemitus·
499 1364 527 1393 Si
541 1370 630 1392 autem
646 1362 825 1391 defensionem
841 1362 954 1400 requiris
968 1369 992 1391 et

251 1411 447 1450 patrocinium,
463 1417 489 1438 et
510 1416 650 1449 propterea
673 1408 760 1437 virum
777 1407 868 1443 defles,
881 1409 992 1447 confuge

251 1457 284 1485 ad
300 1458 420 1485 omnium
446 1466 614 1485 communem
636 1462 795 1494 patronum,
814 1455 988 1490 defensorem,

251 1510 411 1531 servatorem
427 1509 452 1530 et
462 1502 655 1530 benefactorem
668 1501 767 1535 Deum,
779 1501 813 1528 ad
825 1501 992 1540 inexpugna-

250 1548 305 1576 bile
317 1548 461 1583 auxilium,
473 1547 507 1575 ad
521 1547 598 1575 facile
612 1553 637 1574 et
649 1553 785 1585 promtum
795 1546 990 1585 adjumentum,

249 1593 283 1621 ad
300 1601 455 1632 perpetuam
468 1604 526 1631 quae
540 1602 643 1631 semper
662 1599 687 1620 et
699 1592 799 1629 ubique
813 1592 886 1620 adest
899 1599 990 1631 prote-

250 1639 377 1674 ctionem,
393 1649 441 1667 nos
456 1638 576 1676 undique
590 1637 761 1666 munientem.
779 1639 812 1665 At
826 1637 990 1667 consuetudo

250 1695 289 1713 res
304 1691 341 1712 est
363 1683 551 1713 desiderabilis
570 1690 595 1711 et
613 1683 746 1712 amabilis.
760 1682 820 1710 an
842 1694 948 1720 quoque
962 1683 990 1712 id

250 1730 320 1766 sci03
335 1730 381 1758 sed
400 1730 421 1758 si
441 1729 537 1758 rationi
558 1736 660 1757 motum
675 1728 758 1756 animi
773 1729 947 1766 commiseris,
966 1737 991 1758 et

1050 905 1091 932 ἐπ’
1113 905 1212 939 ἐκείνης
1226 906 1272 939 τ’ἧς
1294 910 1392 945 σπορᾶς
1416 906 1568 943 συμπλοκαὶ
1589 906 1634 934 καὶ
1658 905 1750 940 ἡδοναὶ
1770 904 1816 934 καὶ

1050 949 1140 986 ὕπνος,
1151 951 1194 978 ἐπὶ
1208 950 1304 985 ταύτης
1316 952 1342 979 δὲ
1357 951 1429 990 φωνὴ
1446 951 1522 989 μόνον
1534 953 1563 979 ἐκ
1575 954 1626 980 τῶν
1638 953 1753 991 οὐρανῶν
1765 963 1815 979 κα-

1049 995 1208 1024 ταὸαίνουσα
1217 1019 1224 1031 ,
1237 997 1282 1024 καὶ
1302 997 1388 1024 πάντα
1402 996 1501 1034 ἀθρόως
1511 997 1713 1036 τελεσφορεῖται.
1734 996 1786 1025 Καὶ
1801 998 1815 1024 ὁ

1050 1041 1219 1079 ἀνιστάμενος
1240 1041 1326 1070 οὐκέτι
1342 1042 1431 1071 λοιπὸν
1448 1042 1490 1070 ἐπὶ
1512 1043 1566 1080 βίον
1581 1042 1673 1081 ἄγεται
1694 1041 1812 1079 πολύμο-

1047 1089 1120 1124 χθον,
1132 1088 1189 1115 ἀλλ’
1199 1087 1259 1115 ἔνθα
1270 1087 1370 1126 ἀπέδρα
1379 1087 1456 1121 ὀδύνη
1468 1088 1513 1116 καὶ
1522 1087 1592 1123 >xii-m,
1604 1088 1648 1116 καὶ
1661 1087 1813 1126 στεναγμός.

1048 1133 1081 1160 Ei
1104 1132 1130 1161 δὲ
1143 1132 1187 1160 καὶ
1207 1133 1368 1171 προστασίαν
1384 1134 1512 1168 ἐπιζητεῖς
1522 1155 1529 1168 ,
1544 1134 1590 1161 καὶ
1604 1133 1647 1161 διὰ
1661 1136 1736 1161 τοῦτο
1751 1135 1813 1172 θρη-

1047 1181 1098 1210 νεῖς
1112 1178 1154 1206 τὸν
1167 1178 1248 1217 ἄνδρα
1257 1201 1263 1213 ,
1278 1178 1321 1206 ἐπὶ
1335 1179 1378 1207 τὸν
1390 1178 1474 1206 κοινὸν
1489 1178 1594 1207 πάντων
1604 1178 1756 1216 προστάτην
1768 1178 1812 1206 καὶ

1047 1225 1152 1261 σωτῆρα
1167 1224 1212 1251 καὶ
1232 1224 1368 1262 εὗεργέτην
1388 1224 1522 1262 κατέφυγε
1537 1224 1580 1252 τὸν
1596 1224 1680 1259 Θεὸν,
1700 1223 1744 1252 ἐπὶ
1765 1223 1813 1258 τὴν

1046 1269 1148 1307 ἄμαχον
1156 1269 1319 1308 συμμαχίαν,
1331 1269 1374 1298 ἐπὶ
1387 1269 1433 1304 τὴν
1447 1269 1551 1298 εὔκολον
1565 1269 1696 1308 βοήθειαν,
1710 1268 1754 1297 ἐπὶ
1765 1268 1812 1304 τὴν

1009 1322 1026 1344 Β
1045 1315 1137 1354 διαρκῆ
1147 1315 1247 1350 σκέπην
1255 1315 1303 1349 τὴν
1313 1318 1449 1353 πανταχοῦ
1457 1317 1590 1353 παροῦσαν
1599 1315 1644 1344 καὶ
1650 1314 1812 1354 πανταχόθεν

1044 1363 1114 1399 ἡμᾶς
1122 1361 1363 1400 τειχίζουσαν.Ἀλλ’
1374 1365 1390 1396 ἡ
1403 1362 1525 1396 συνήθεια
1536 1362 1653 1390 ποθεινὸν
1663 1361 1708 1390 καὶ
1719 1361 1812 1400 ἐπέρα·

1046 1417 1114 1434 στον.
1126 1402 1195 1434 Οἶδα
1209 1406 1283 1446 κάγώ
1295 1418 1300 1424 ·
1317 1408 1374 1435 ἀλλ’
1392 1407 1422 1435 ἂν
1442 1407 1582 1446 ἐπιτρέψῃς
1598 1409 1636 1446 τῷ
1650 1408 1770 1446 λογισμῷ
1782 1408 1813 1436 τὸ

1045 1452 1141 1488 πάθος,
1155 1452 1200 1480 καὶ
1214 1453 1307 1492 λογίσῃ
1323 1453 1386 1492 πρὸς
1405 1453 1501 1488 ἑαυτὴν
1511 1453 1550 1486 τίς
1568 1456 1581 1482 ὁ
1594 1452 1698 1487 Meam,
1713 1453 1758 1481 καὶ
1771 1453 1811 1481 ὅτι

1044 1496 1167 1534 γενναίως
1182 1497 1294 1535 ἐνεγκὼν
1316 1497 1406 1525 θυσίαν
1427 1496 1475 1531 τὴν
1489 1496 1598 1536 γνώμην
1618 1497 1754 1536 ἀναφέρεις
1772 1500 1811 1537 τῷ

1044 1544 1114 1581 Θεῷ,
1131 1543 1176 1570 καὶ
1188 1546 1263 1571 τοῦτο
1271 1543 1300 1571 τὸ
1312 1546 1383 1580 κῧμα
1394 1543 1489 1581 δυνήσῃ
1505 1544 1674 1582 διαδραμεῖν,
1687 1544 1732 1572 καὶ
1746 1543 1811 1582 ὅπερ

1044 1590 1057 1616 ὁ
1079 1588 1171 1626 χρόνος
1192 1589 1342 1626 ἐργάζεται,
1358 1591 1434 1616 τοῦτο
1449 1592 1464 1623 ἧ
1481 1589 1619 1628 φιλοσοφία
1633 1589 1738 1624 ποιήσει
1752 1600 1758 1606 ·
1779 1589 1810 1617 ἂν

1044 1634 1071 1661 δὲ
1084 1635 1328 1671 καταμαλακισθῇς,
1338 1633 1411 1669 λήξει
1425 1633 1471 1668 μὲν
1482 1636 1519 1672 τῷ
1532 1634 1619 1673 χρόνῳ
1629 1634 1658 1663 τὸ
1669 1634 1760 1670 πάθος,
1769 1634 1810 1663 σοὶ

1044 1680 1071 1708 δὲ
1083 1680 1172 1709 οὐδένα
1183 1681 1227 1709 τὸν
1239 1680 1329 1718 μισθὸν
1343 1680 1417 1709 οἴσει.
1425 1680 1499 1709 Μετὰ
1508 1680 1534 1708 ’δὲ
1546 1682 1597 1708 τῶν
1607 1681 1740 1718 λογισμῶν
1748 1680 1809 1709 τού·

1043 1738 1093 1754 των
1105 1726 1151 1754 καί
1162 1726 1365 1764 παραδείγματα
1376 1726 1494 1764 σύλλεγε,
1505 1725 1539 1754 τὰ
1547 1727 1573 1754 ἐν
1580 1728 1617 1765 τῷ
1629 1726 1738 1765 παρόντι
1747 1726 1807 1765 βίῳ,

249 1775 320 1814 apud
336 1782 361 1803 te
375 1775 541 1814 reputaveris
559 1775 618 1813 quis
635 1775 669 1802 sit
687 1775 734 1812 qui
750 1775 862 1813 accepit,
876 1781 901 1802 et
918 1775 990 1813 quod
1007 1775 1024 1797 C
1042 1772 1074 1799 τὰ
1089 1774 1114 1800 ἓν
1131 1776 1186 1804 ταῖς
1201 1771 1281 1804 θείαις
1300 1773 1418 1810 Γρᾰφαῖς
1438 1783 1443 1788 ·
1463 1771 1583 1807 ἐννόησον
1601 1771 1641 1800 ὅτι
1655 1773 1668 1800 ὁ
1689 1771 1810 1811 Ἀὅραὰμ

248 1821 269 1849 si
286 1821 348 1848 sorti
369 1821 459 1848 animo
480 1820 584 1854 tuleris,
601 1821 656 1848 Deo
675 1826 789 1847 mentem
812 1826 892 1848 totam
910 1821 989 1850 offers

249 1866 428 1903 sacrificium;
445 1866 516 1894 hunc
531 1866 636 1904 quoque
650 1865 761 1893 fluctum
780 1865 877 1904 poteris
893 1866 985 1901 vitare,

249 1920 273 1940 et
287 1912 359 1950 quod
373 1919 478 1951 tempus
490 1912 583 1948 efficit,
596 1911 646 1939 hoc
657 1911 734 1939 saciet
748 1911 927 1950 philosophia.
940 1913 987 1941 Sin

249 1967 337 1988 autem
353 1960 440 1987 mollis
454 1959 536 1987 fueris
550 1965 575 1986 et
587 1964 737 1993 enervatus,
751 1964 867 1996 tempore
880 1958 987 1996 quidem

249 2005 350 2034 desinet
370 2005 451 2033 animi
468 2004 643 2043 perturbatio,
661 2003 710 2031 tibi
725 2010 812 2033 autem
830 2003 932 2031 nullam
946 2005 987 2032 as-

248 2052 313 2079 seret
327 2050 483 2079 mercedem.
498 2050 566 2077 Cum
580 2049 623 2077 his
640 2048 788 2077 rationibus
800 2048 895 2087 collige
909 2049 988 2078 etiam

248 2097 369 2136 exempla
383 2107 443 2134 qua:
459 2102 519 2123 sunt
534 2095 560 2123 in
580 2094 703 2133 praesenti
728 2094 794 2130 vita,
807 2105 865 2132 quae
884 2101 945 2123 sunt
960 2095 987 2123 in

248 2142 348 2170 divinis
369 2140 531 2180 Scripturis:
546 2140 631 2178 cogita
654 2139 728 2177 quod
750 2139 884 2167 Abraham
909 2150 988 2168 suum

244 2187 382 2226 jugulavit
408 2186 507 2222 filium,
523 2192 548 2213 et
571 2195 655 2222 neque
678 2184 752 2213 flevit
773 2195 856 2222 neque
874 2185 987 2214 verbum

247 2233 334 2262 emisit
355 2233 491 2261 acerbum.
512 2234 545 2259 At
559 2231 620 2267 ille,
636 2230 752 2268 inquies,
766 2238 821 2259 erat
836 2231 984 2260 Abraham.

247 2280 329 2318 Atqui
345 2286 374 2307 tu
392 2285 501 2308 vocatus
516 2289 542 2306 es
557 2285 585 2306 ut
606 2278 707 2316 majora
721 2284 793 2315 septa
809 2277 986 2307 transcendas.

246 2326 298 2355 Job
311 2332 400 2354 autem
424 2332 529 2354 tantum
553 2323 662 2362 quidem
687 2323 792 2359 doluit,
807 2330 933 2361 quantum
949 2330 987 2352 est

245 2379 449 2400 consentaneum
459 2378 561 2410 patrem
569 2370 665 2398 liberos
675 2376 816 2403 amantem,
828 2376 853 2397 et
862 2379 984 2407 magnam

245 2428 335 2446 curam
350 2424 481 2457 gerentem
497 2427 589 2445 eorum
602 2415 647 2454 qui
660 2422 833 2444 excesserant.
847 2416 914 2443 Nam
927 2426 984 2452 quae

244 2475 289 2492 nos
301 2464 410 2503 quidem
425 2474 495 2492 nunc
506 2463 619 2491 facimus
627 2484 635 2498 ‚
645 2461 886 2490 suntinimicorum
900 2468 925 2490 et
937 2461 982 2489 ho-

274 2581 283 2591 ‘
305 2571 397 2606 [Addit
410 2572 437 2596 B.
452 2576 492 2601 τήν
504 2576 563 2597 κατὰ
577 2575 614 2597 τὸν
631 2574 692 2600 ἡλίου
711 2568 862 2601 λάμπουσα-μ]

1042 1817 1186 1857 κατέσφαξε
1204 1818 1246 1846 τὸν
1269 1818 1322 1846 υἱὸν
1345 1817 1388 1845 τὸν
1406 1819 1497 1852 αὑτοῦ,
1520 1816 1566 1845 καὶ
1585 1817 1644 1846 οὔτε
1667 1817 1807 1856 ἐδάκρυσεν

1041 1864 1100 1892 οὔτε
1118 1864 1212 1903 πικρὸν
1249 1865 1306 1900 ἧμα
1321 1862 1450 1895 ἐξέῧαλεν.
1469 1861 1537 1890 Ἀλλ’
1563 1863 1658 1894 ἐκεῖνος
1672 1862 1807 1902 Ἀδραὰμ,

1041 1909 1133 1948 φησὶν,
1149 1904 1189 1943 ἦν.
1207 1908 1258 1936 Καὶ
1278 1908 1329 1946 μὴν
1345 1907 1376 1935 σὺ
1395 1907 1438 1936 ἐπὶ
1459 1907 1564 1944 μείζονα
1586 1909 1698 1943 ἐκλήθης
1719 1909 1808 1946 σκάμ-

1042 1966 1122 1992 ματα.
1136 1953 1168 1983 Ὁ
1191 1955 1217 1982 δὲ
1232 1953 1294 1982 ’luffa‘
1314 1953 1414 1992 ἤλγησε
1430 1954 1492 1990 μὲν,
1505 1955 1626 1982 τοσοῦτον
1639 1954 1682 1990 δὲ,
1698 1954 1757 1983 ὅσον
1772 1955 1808 1983 εἷ-

1041 2002 1085 2032 κος
1108 2000 1209 2038 πατέρα
1234 2000 1377 2038 φιλόπαιδα
1398 2000 1442 2027 καὶ
1467 1999 1566 2038 σφόδρα
1588 1999 1732 2037 κηδόμενον
1755 2001 1806 2028 τῶν

1041 2046 1205 2075 ἀπελθόντων
1219 2057 1224 2062 ·
1242 2046 1277 2077 ὡς
1296 2045 1312 2072 ἅ
1335 2056 1364 2082 γε
1385 2047 1427 2072 νῖν
1448 2047 1573 2082 ποιοῦμεν
1592 2047 1684 2083 ἡμεῖς,
1705 2047 1806 2085 ἐχθρῶν

1041 2093 1086 2121 καὶ
1102 2091 1235 2129 πολεμίων
1251 2091 1330 2119 ἐστίν.
1346 2090 1414 2119 (Ji-'2³¹5
1433 2091 1498 2129 γὰρ,
1513 2090 1536 2119 εἴ
1549 2102 1616 2124 τινος
1634 2093 1670 2124 εἷς
1684 2092 1806 2129 βασίλεια

1042 2138 1228 2176 ἐπενεχθέντος
1242 2137 1288 2165 καὶ
1303 2136 1510 2175 στεφανωθέντος
1525 2136 1632 2169 ἔκοπτες
1650 2137 1743 2166 σαυτὸν
1762 2138 1807 2166 καὶ

1041 2184 1156 2223 ἐθρήνεις
1166 2206 1173 2217 ,
1186 2183 1259 2222 φίλον
1275 2183 1305 2210 ἄν
1321 2194 1349 2210 σε
1367 2186 1412 2211 τοῦ
1431 2182 1638 2221 στεφανωθέντος
1649 2183 1712 2222 ἔφην
1727 2179 1806 2218 εἶναι,

1041 2231 1098 2259 ἀλλ’
1113 2230 1204 2268 ἐχθρὸν
1220 2228 1319 2267 σφόδρα
1334 2229 1378 2256 καὶ
1391 2228 1524 2266 πολέμιον.
1537 2228 1605 2257 Ἀλλ’
1618 2228 1676 2257 οὐδὲ
1687 2232 1729 2258 νῦν
1742 2230 1807 2257 ἐκεῖ·

1005 2285 1022 2306 D
1040 2288 1081 2306 νον
1104 2278 1207 2315 θρηνῶ,
1224 2276 1301 2314 φησιν
1313 2297 1321 2310 ,
1343 2276 1401 2304 ἀλλ’
1425 2275 1547 2312 ἐμαυτόν.
1563 2274 1631 2304 Ἀλλ’
1654 2274 1712 2304 οὐδὲ
1730 2279 1806 2304 τοῦτο

1040 2324 1187 2362 φιλοῦντος,
1202 2321 1231 2349 τὸ
1246 2321 1328 2349 θέλειν
1350 2320 1388 2348 ἔτι
1407 2319 1545 2358 ἐναγώνιον
1561 2315 1627 2348 εἶναι
1649 2321 1745 2348 ἐκεῖνον
1763 2321 1806 2350 διὰ

1041 2369 1135 2397 σαυτὸν
1149 2368 1193 2396 καὶ
1207 2369 1359 2396 ὑποκεῖσθαι
1373 2369 1406 2405 τῇ
1421 2366 1518 2406 ἀδηλίᾳ
1529 2369 1574 2394 τοῦ
1588 2365 1740 2403 μέλλοντος,
1756 2378 1807 2395 πα·

1041 2416 1082 2454 ρὸν
1106 2415 1295 2453 στεφανοῦσθαι
1316 2413 1361 2441 καὶ
1379 2410 1585 2451 προσορμεῖν,ἢ
1611 2412 1735 2450 πελάγιον
1753 2424 1805 2440 σα-

1038 2461 1121 2490 λεύειν
1131 2481 1138 2494 ,
1151 2460 1205 2493 ἐξὸν
1219 2461 1245 2487 ἐν
1257 2458 1345 2496 λιμένι
1359 2454 1434 2487 εἶναι.
1450 2458 1519 2486 Ἀλλ’
1535 2459 1581 2486 οὐκ
1596 2453 1653 2486 οἶδα
1667 2462 1712 2487 ποῖ
1720 2459 1804 2498 κεχώ-
