1891 2866
493 197 523 218 ΙΝ
553 196 658 219 131215T.
689 198 708 219 1.

59 256 201 295 ἱκετηρίαι·
216 259 333 286 τοσοῦτον
359 257 453 296 ἀπέχει
477 261 521 286 τοῦ
541 258 740 297 παροξυνῡῆναι.
766 258 820 287 Κᾶν

59 302 99 340 ἴδῃ
122 303 318 342 ἁμαρτάνοντα,
333 305 419 331 πενθεῖ
438 303 482 331 καὶ
503 304 625 332 ὁδυνᾶται
636 316 642 321 ·
658 304 725 333 ἀλλὰ
739 305 783 333 καὶ
805 307 821 339 ἡ

59 348 134 384 ὀδύνη
150 348 214 383 αὕτη
227 349 319 384 ἡδονὴν
330 350 409 388 φέρει.
426 350 482 383 Τἧς
496 350 546 388 γὰρ
559 350 662 388 ἀγάπης
676 351 721 380 καὶ
735 351 767 379 τὰ
780 351 823 379 δά-

59 405 125 432 κρυα
136 394 179 423 καὶ
190 397 206 429 ἡ
216 394 285 429 λύπη
295 394 406 433 γέλωτος
414 396 508 428 παντὸς
522 395 588 431 ἡδίω
602 396 646 425 καὶ
656 402 749 436 χαρᾶς.
763 397 824 435 Οὐχ

58 440 125 469 οὕτω
138 443 197 478 γοῦν
211 441 385 470 ἀναπαύονται
399 444 423 470 οἱ
447 444 570 481 γελῶντες
579 465 586 477 ,
600 445 634 476 ὡς
653 446 676 472 οἱ
701 443 766 482 ὑπὲρ
781 444 822 482 φί-

58 487 110 514 λων
126 487 256 519 κλαίοντες
266 499 271 503 ’
292 488 340 515 κᾶν
357 489 485 527 ἀπιστῇς,
500 489 605 529 ἐπίσχες
630 491 713 518 αὐτῶν
725 489 758 519 τὰ
773 490 822 519 δοί-

57 544 139 571 κρυα,
156 532 200 561 καὶ
219 535 254 565 ὡς
278 533 311 562 τὰ
336 534 466 569 ἀνήκεστα
488 536 629 571 παθόντες,
645 535 711 565 οὕτω
728 536 822 575 δυσχε-

58 578 198 618 ραίνουσιν.
215 578 282 607 Ἀλλ’
306 579 400 615 ἡδονὴν
417 580 470 619 ἔχει
481 604 488 615 ,
504 582 590 620 φησιν,
608 582 704 610 ἄτοπον
725 582 755 610 τὸ
775 593 821 621 φι-

57 625 120 653 λεῖν.
134 623 249 664 Ἄπαγε,
265 626 309 654 καὶ
325 626 436 665 εὐφήμει
447 649 454 661 ,
470 627 590 666 ἄνθρωπε
600 640 606 645 ·
627 628 700 657 οὐδὲν
715 628 764 667 γὰρ
780 628 821 657 οὔ·

57 683 107 703 τως
120 672 212 707 ἡδονῆς
223 672 358 711 καθαρεύει
372 673 506 711 τοιαύτης,
521 676 556 707 ὡς
572 675 661 713 ἀγάπη
677 675 780 713 γνησία.

97 902 143 938 Μὴ
160 903 211 943 γάρ
226 916 270 942 μοι
284 903 380 939 ταύτην
405 904 478 941 εἴπῃς
499 904 546 939 τὴν
562 904 670 942 δημώδη
692 906 737 934 καὶ
758 907 822 944 ἀγο-

57 954 139 988 ραῖον,
151 950 195 978 καὶ
209 950 282 978 νόσον
299 951 397 988 μᾶλλον
414 950 430 984 ἢ
446 950 550 988 ἀγάπην
565 945 652 986 οὖσαν,
675 951 744 979 ἀλλὰ
762 951 821 980 ταύ-

56 1007 104 1031 την
118 996 150 1032 ἣν
163 999 177 1025 ὁ
192 997 294 1028 Παῦλος
305 997 429 1031 ἐπιζητεῖ,
443 997 490 1031 τὴν
500 997 530 1026 τὸ
541 997 669 1036 συμφέρον
684 999 736 1025 τῶν
752 999 821 1034 ἀγα-

55 1043 184 1080 πωμένων
209 1046 367 1075 σκοποῦσαν,
388 1043 433 1071 καὶ
457 1043 516 1082 ὄψει
538 1042 578 1072 ὅτι
602 1042 723 1082 πατέρων
751 1040 821 1073 οὗτοι

56 1088 272 1127 φιλοστογότεροι.
290 1087 343 1117 Καὶ
357 1087 445 1128 ὥσπερ
458 1091 481 1117 οἱ
495 1088 620 1128 χρήματα
630 1091 761 1127 φιλοῦντες
776 1091 822 1118 οὐκ

56 1135 87 1163 ἂν
100 1135 198 1164 ἕλοιντο
213 1136 361 1171 δαπανῆσαι
376 1135 517 1175 χρήματα,
530 1137 587 1164 ἀλλ’
603 1135 673 1170 ἥδιον
685 1135 714 1164 ἂν
726 1138 752 1165 ἐν
764 1148 822 1165 στε-

56 1180 171 1221 νοχωρίᾳ
184 1181 337 1220 ἅγενέσῦκι,
354 1181 371 1216 ἢ
388 1183 473 1210 ἐκεῖνα
485 1182 546 1210 ἰδεῖν
565 1182 759 1220 ἐλαττούμενα·
776 1183 821 1211 oi}-

56 1239 94 1255 τω
109 1227 153 1256 καὶ
165 1229 178 1256 ὁ
187 1228 252 1268 πρὸς
263 1227 323 1257 τινὰ
340 1228 422 1263 ἡδέως
435 1227 512 1267 ἔχων,
529 1228 609 1267 μυρία
623 1228 653 1256 ἂν
669 1228 753 1258 ἕλοιτο
767 1242 821 1258 πα-

59 1273 147 1310 θεῖν,ἢ
162 1273 205 1302 τὸν
219 1273 391 1313 ἀγαπώμενον
406 1273 656 1312 καταὸλαπτόμενον
672 1275 743 1304 ἰδεῖν.
759 1276 822 1308 Πῶς

739 197 784 219 ΑΙ)
811 198 886 219 COR.

917 197 1032 219 nomn..
1062 198 1167 220 xxxii.
1542 189 1609 234 545

876 257 1022 297 luptatem;
1035 264 1062 287 at
1072 258 1116 287 hic
1127 269 1303 298 nequaquam,
1315 261 1458 290 sedomnes
1467 263 1522 301 ejus
1535 263 1610 291 nervi

875 303 974 332 sublati
988 311 1049 332 sunt
1064 315 1071 331 :
1090 304 1191 334 etiamsi
1206 305 1228 333 is
1242 306 1287 343 qui
1307 306 1431 345 diligitur
1444 308 1566 347 diligenti
1581 319 1610 337 se

876 350 1023 379 molestiam
1039 350 1149 387 crearit,
1164 351 1202 379 ira
1217 362 1346 390 nusquam
1362 361 1482 392 apparet,
1498 355 1543 383 sed
1566 355 1609 383 la-

876 407 990 436 crymae,
1005 396 1203 425 adhortationes
1223 405 1247 426 et
1268 399 1472 438 supplicationes
1485 413 1491 427 τ
1507 408 1609 429 tautum

875 442 948 471 abest
966 450 996 471 ut
1010 450 1188 483 exasperetur.
1205 443 1238 472 Et
1255 445 1277 473 si
1289 445 1379 474 videat
1392 454 1554 485 peccantem,
1567 447 1609 475 lu-

875 495 918 527 get
929 496 955 517 et
966 488 1052 525 dolet;
1064 489 1110 518 sed
1119 489 1196 518 dolor
1206 490 1252 518 ille
1263 490 1426 530 voluptatem
1437 492 1521 521 affert.
1536 493 1610 521 Cari-

874 535 935 564 tatis
947 536 1017 564 enim
1027 535 1151 575 lacrymae
1163 543 1187 565 et
1199 536 1275 565 dolor
1287 537 1342 566 risu
1352 545 1414 566 sunt
1424 539 1497 567 omni
1509 546 1533 567 et
1544 549 1609 578 gau-

874 581 919 611 dio
931 582 1074 612 suaviores.
1086 583 1146 611 Non
1158 583 1223 612 adeo
1235 584 1317 623 igitur
1329 585 1468 623 quiescunt
1479 586 1497 614 ii
1512 586 1558 624 qui
1574 586 1609 614 ri-

874 627 947 663 dent,
962 635 992 657 ut
1012 628 1030 657 ii
1045 629 1092 667 qui
1107 640 1156 668 pro
1175 629 1268 658 amicis
1283 630 1406 670 plorant:
1419 639 1444 660 et
1464 632 1486 661 si
1507 632 1536 661 id
1556 644 1608 661 non

839 685 857 708 Ε
874 675 974 711 credis,
989 676 1103 715 reprime
1124 676 1231 705 illorum
1247 677 1395 717 lacrymas,
1412 685 1436 706 ct
1450 689 1480 707 ac
1502 679 1524 707 si
1543 689 1608 718 gra—

874 719 984 749 vissima
998 727 1158 759 paterentur,
1170 721 1205 750 ita
1221 732 1291 761 aegre
1303 723 1400 751 ferunt.
1414 726 1450 752 At
1461 734 1560 758 amare,
1570 725 1610 753 in-

875 764 948 802 quies
959 787 966 795 .
984 764 1128 794 absurdam
1146 765 1226 795 habet
1245 767 1419 807 voluptatem.
1431 768 1525 806 Absit,
1542 768 1610 797 bona

876 811 956 839 verba
968 834 974 847 ,
988 822 1004 840 o
1015 812 1114 840 homo:
1130 812 1198 840 nihil
1209 812 1280 841 enim
1301 812 1336 841 ita
1352 823 1448 852 purum
1472 821 1510 843 est
1528 824 1542 842 a
1563 814 1609 842 tali

876 856 1012 895 voluptate
1023 879 1030 891 ,
1043 863 1072 884 ut
1084 856 1179 884 caritas
1192 856 1314 893 genuina.

916 905 943 932 7.
965 904 1005 932 Ne
1019 904 1086 932 mihi
1102 904 1172 932 enim
1184 903 1258 932 dicas
1273 903 1346 932 illam
1360 904 1517 944 popularem
1532 912 1557 934 et
1570 906 1610 934 fu-

875 958 989 983 rensem,
1012 947 1058 985 qui
1081 954 1120 975 est
1132 947 1220 986 potius
1238 949 1358 985 morbus,
1385 961 1465 988 quam
1480 951 1575 980 caritas
1585 960 1611 981 et

875 1004 957 1029 amor,
969 993 1015 1022 sed
1026 993 1094 1021 hanc
1105 1003 1183 1031 quam
1202 994 1301 1024 Paulus
1319 997 1415 1033 quaerit
1427 1019 1434 1031 ‚
1459 1008 1517 1035 quae
1539 999 1611 1036 quod

875 1039 940 1068 utile
950 1039 1054 1068 dilectis
1064 1047 1102 1068 est
1117 1047 1227 1079 spectat,
1239 1048 1264 1069 et
1276 1041 1379 1070 videbis
1395 1042 1455 1071 illos
1466 1054 1520 1072 esse
1528 1045 1612 1083 patri·

874 1086 926 1115 bus
941 1086 1108 1116 amantiores.
1132 1089 1169 1115 Ac
1188 1087 1415 1125 quemadmodum
1437 1089 1455 1117 ii
1471 1089 1516 1127 qui
1532 1101 1612 1129 pecu-

875 1135 931 1164 nias
944 1142 1041 1171 amant,
1053 1134 1176 1174 pecunias
1187 1133 1338 1173 impendere
1350 1146 1401 1164 non
1415 1135 1550 1175 elegerint,
1565 1136 1612 1166 sed

874 1181 984 1210 suavius
995 1188 1089 1221 putant
1103 1181 1130 1209 in
1145 1180 1266 1220 angustia
1274 1191 1339 1216 esse
1356 1192 1437 1220 quam
1447 1182 1528 1211 illas
1521 1184 1610 1212 immi-

874 1235 952 1257 nutas
973 1227 1082 1257 videle:
1096 1228 1167 1256 sicet
1179 1227 1226 1256 ille
1243 1227 1289 1266 qui
1306 1238 1366 1267 eiga
1379 1228 1494 1267 aliquem
1505 1229 1572 1258 bene
1585 1237 1610 1258 et

874 1275 991 1304 suaviter
1000 1275 1110 1303 affectus
1118 1281 1167 1311 est,
1179 1274 1317 1302 innumera
1325 1274 1380 1314 pati
1387 1275 1519 1311 maluerit,
1529 1286 1610 1314 quam

57 1315 110 1355 οἶν,
126 1320 204 1359 φησὶ,
226 1320 270 1349 τὸν
286 1320 382 1359 Ἰωσὴφ
398 1323 415 1355 ἡ
437 1320 569 1359 Αἰγυπτία
594 1322 703 1360 φιλοῦσα
713 1344 720 1357 ,
737 1325 819 1350 καΟυ-
829 1345 865 1364 ,95
875 1323 1003 1352 dilectum
1014 1323 1107 1352 videre
1117 1323 1220 1351 laesum.
1235 1322 1375 1358 Quomodo
1387 1322 1480 1362 igitur,
1494 1323 1608 1362 inquies,

57 1366 147 1406 Ερίσαι
157 1367 295 1402 ἠθέλησεν;
310 1366 373 1396 “On
388 1367 485 1402 ταύτην
500 1367 582 1406 ἐφίλει
595 1367 642 1403 τὴν
657 1369 762 1407 ἀγάπην
773 1369 821 1404 ’τὴν

57 1412 217 1449 ὃιαὸολικῆν.
232 1412 265 1442 ‘O
282 1413 369 1452 μέντοι
384 1413 482 1452 Ἰωσὴφ
505 1416 533 1443 οὐ
554 1414 660 1450 ταύτην,
683 1415 741 1443 ἀλλ’
755 1415 786 1450 ἢν
809 1417 822 1444 ὁ

57 1460 162 1492 Παῦλος
173 1462 274 1496 1Ἶζητεῐ.
291 1460 430 1496 Ἐννόησον
448 1456 491 1489 οἶν
505 1460 566 1495 ὅσης
580 1460 684 1499 ἀγάπης
696 1463 773 1490 αὐτοῦ
788 1461 821 1490 τὰ

58 1506 165 1544 ῥήματα
178 1501 219 1543 ἦν,
233 1507 278 1535 καὶ
292 1506 325 1535 τὰ
337 1507 483 1546 πράγματα
498 1507 514 1535 ἃ
531 1507 617 1542 ἐκείνη
633 1508 705 1546 ἔλεγε
715 1520 720 1525 ·
738 1509 821 1537 καθύ-

57 1552 146 1592 ὅρισόν
162 1564 194 1590 με
206 1552 251 1581 καὶ
265 1553 374 1587 ποίησον
386 1553 540 1609 μοιχαλίδα,
553 1553 598 1582 καὶ
613 1554 655 1583 τὸν
667 1554 748 1593 ἄνδρα
767 1554 822 1583 ἀδί-

57 1611 148 1634 κησον,
162 1611 206 1627 χαι
220 1598 267 1633 τὴν
283 1599 366 1627 οἰκίαν
382 1600 476 1639 ἀνά-τρε
465 1601 524 1638 ψον
544 1600 658 1635 ἅπασαν,
672 1612 715 1628 και
729 1601 821 1630 σαυτὸν

57 1647 104 1680 τ’ἥς
118 1646 205 1684 πρὸς
192 1646 234 1674 τὸν
250 1645 318 1674 Θεον
332 1645 427 1674 ἔκβαλε
437 1646 598 1686 παρρησίας·
616 1646 683 1685 ἅπερ
698 1647 726 1675 οὐ
744 1647 821 1685 μόνον

57 1694 163 1727 ἐκεῖνον,
172 1693 229 1720 οὶ)λ’
241 1690 297 1720 ουοὲ
314 1690 407 1726 ἑαυτην
421 1691 543 1730 φιλουσης
559 1695 600 1727 ἠν.
616 1687 727 1725 Οὗτος
713 1703 740 1722 οε
751 1694 808 1722 ἐπει
811 1710 820 1714 -

58 1737 90 1773 δὴ
104 1737 216 1776 γνησίως
238 1737 336 1776 ἐφίλει,
352 1736 448 1766 τούτων
469 1737 573 1766 πάντων
594 1739 688 1776 ἀπηγε.
712 1739 791 1767 Και“’
781 1752 821 1768 ινα

57 1784 157 1823 μάθῃς,
174 1783 214 1813 ὅτι
232 1786 308 1818 αὐτῆς
323 1784 444 1819 ἐκήδετο,
459 1785 489 1813 ἐκ
506 1786 552 1817 τῆς
571 1784 747 1824 παραινέσεως
761 1786 821 1814 αὐτὸ

695 1832 761 1860 ἀλλὰ
776 1833 821 1861 καὶ

56 1876 210 1917 παραίνεσιν
225 1877 348 1916 εἰσήγαγε
362 1881 450 1905 πᾶσαν
463 1877 606 1914 δυναμένην
619 1877 711 1907 egio-022
725 1879 819 1918 πυράν,

57 1831 202 1869 κατάμαθε.
219 1831 259 1860 Οὐ
277 1831 328 1869 γὰρ
342 1830 467 1860 ἀπώσατο
482 1830 558 1869 μόνον
582 1831 672 1867 αὐτὴν,

58 1923 91 1952 Εἰ
104 1923 154 1962 γὰρ
167 1925 180 1951 ὁ
194 1922 281 1962 κύριός
296 1935 344 1960 μου
354 1947 360 1959 ,
376 1924 463 1962 φησὶν,
483 1924 511 1952 οὗ
530 1922 652 1960 γινώσκει
667 1924 699 1952 δι’
718 1924 764 1962 ἐμὲ
779 1927 818 1954 οὗ·

55 1968 96 1998 δὲν
111 1971 162 1998 τῶν
178 1971 204 1998 ἐν
220 1981 257 1998 τω
273 1969 335 1999 οἴκω
356 1971 444 1998 αὐτου.
460 1970 480 1998 l
475 1970 562 2002 ,ὐΘεως
587 1969 668 2005 αυτὴν
690 1970 818 2009 ἀνέμνησε

55 2018 100 2044 τοῦ
112 2016 201 2055 ἀνδρὸς
212 2037 219 2071 ,
235 2015 276 2043 ἵνα
290 2017 360 2055 ἐνετρ
355 2015 408 2055 ’ὼῃ.
424 2015 476 2044 Καὶ
490 2017 537 2044 οὐκ
551 2018 631 2051 εἶπεν,
646 2018 658 2044 ὃ
678 2017 744 2057 ἀνήρ
755 2029 818 2053 σου,

57 2062 126 2097 ἀλλ’,
142 2061 175 2091 Ὁ
189 2061 274 2116 κύριός
291 2073 356 2099 μου,
371 2062 385 2090 ὃ
403 2062 501 2099 μᾶλλον
516 2062 604 2090 ἱκανὸν
620 2065 651 2097 ἠν
672 2064 752 2099 αὐτὴν
767 2076 816 2092 κα-

56 2111 174 2146 τασχεῖν,
187 2119 230 2136 και
244 2113 332 2136 πεῖσαι
352 2109 471 2142 ἐννοισαι
485 2107 523 2140 τίς
536 2109 601 2137 οὐσα
612 2121 680 2142 τινος
699 2110 759 2148 ἐρᾶ,
777 2122 817 2138 οτι

57 2151 180 2182 δέσποινα
201 2148 280 2189 οῧσα,
296 2153 395 2182 δούλου.
412 2155 445 2182 Εἰ
466 2153 516 2194 γὰρ
539 2156 634 2188 ἐκεῖνος
650 2154 756 2196 Κύριος,
772 2157 817 2185 καὶ

57 2198 88 2228 σὺ
113 2199 200 2238 κυρία.
225 2199 385 2239 ΑῗσΑύνΟητι
399 2200 482 2229 τοίνυν
508 2200 555 2236 τὴν
578 2202 642 2241 πρὸς
664 2201 707 2230 τὸν
728 2203 816 2231 δοῦλον

55 2245 170 2284 ὁμιλίαν,
186 2246 230 2275 καὶ
247 2246 367 2282 ἐννόησον
387 2246 454 2279 τίνος
468 2242 533 2275 οῧσα
553 2248 634 2286 γυνὴ,
653 2248 704 2277 τίνι
729 2249 815 2287 βούλει

56 2293 257 2331 συμπλακῆναι,
267 2293 312 2321 καὶ
323 2293 382 2333 περὶ
394 2292 452 2321 τίνοι
462 2293 602 2333 ἀχάριστος
609 2294 667 2333 γίνῃ
679 2294 723 2323 καὶ
734 2295 815 2334 ἀγνώ-

57 2351 129 2377 μων,
142 2339 187 2368 mi
211 2340 251 2368 ὅτι
271 2338 322 2379 ἐγὼ
341 2339 447 2368 πλείονα
469 2340 538 2379 αὐτῷ
558 2340 682 2378 ἀπονέμω
706 2340 814 2370 εὔνοιαν.

838 1374 857 1394 Λ
875 1369 1001 1410 [Egyptia
1014 1369 1069 1405 illa⁷
1079 1380 1136 1408 quae
1149 1369 1296 1409 Josephum
1303 1369 1419 1405 amabat,
1430 1370 1506 1398 illum
1517 1377 1611 1399 contu-

875 1417 952 1445 melia
967 1415 1072 1445 afficere
1083 1415 1187 1445 voluit?
1200 1415 1269 1450 Quia
1280 1415 1355 1444 illum
1371 1416 1477 1445 amabat
1490 1416 1611 1446 dilectio-

874 1475 907 1493 ne
929 1464 1072 1492 diabolica.
1088 1463 1186 1503 ,Ioseph
1206 1474 1268 1492 vero
1283 1474 1334 1492 non
1354 1463 1423 1492 hanc
1442 1464 1548 1502 habuit,
1564 1465 1611 1494 sed

874 1522 932 1540 eam
946 1521 1026 1550 quam
1040 1510 1140 1539 Paulus
1152 1510 1319 1539 dilectionem
1344 1511 1488 1549 quaerebat.
1516 1512 1610 1550 Cogita

875 1557 959 1596 igitur
971 1564 1077 1596 quantae
1090 1557 1208 1586 caritatis
1222 1557 1278 1596 ejus
1296 1557 1377 1586 verba
1393 1564 1489 1595 essent,
1507 1565 1532 1586 et
1543 1569 1610 1596 quas

875 1614 915 1632 res
931 1603 978 1631 illa
997 1603 1176 1631 dicebat:Me
1192 1602 1350 1631 contumelia
1368 1603 1444 1632 astice
1457 1610 1481 1632 et
1505 1603 1610 1632 adulte-

874 1662 932 1679 ram
946 1651 1043 1689 redde,
1057 1650 1184 1690 injuriam
1198 1650 1266 1678 inser
1281 1650 1349 1684 viro,
1365 1657 1389 1679 et
1404 1657 1485 1679 totam
1499 1652 1608 1680 subver-

873 1703 899 1724 te
913 1695 1034 1731 domum,
1053 1703 1130 1734 teque
1144 1695 1232 1734 ipsum
1246 1695 1330 1734 abjice
1343 1706 1358 1723 a
1375 1695 1474 1724 fiducia
1489 1707 1569 1734 quam
1582 1697 1608 1725 in

874 1743 961 1771 Deum
975 1742 1055 1770 habes
1069 1752 1142 1780 :qum
1159 1741 1239 1770 verba
1250 1741 1323 1769 illius
1342 1748 1425 1777 crant,
1436 1752 1494 1779 quae
1513 1753 1559 1771 nec
1576 1743 1609 1771 il-

872 1787 941 1821 lum,
965 1797 1012 1815 nee
1036 1787 1147 1826 seipsam
1163 1793 1271 1815 amaret.
1296 1786 1346 1815 Hic
1369 1793 1466 1823 autem,
1481 1788 1608 1825 quoniam

873 1831 973 1860 sincere
991 1831 1107 1867 amabat,
1127 1830 1183 1858 liaec
1197 1830 1284 1858 omnia
1294 1829 1399 1870 abjecit,
1413 1832 1499 1869 Atque
1514 1838 1542 1859 ut
1555 1831 1608 1860 edi·

838 1886 855 1908 n
873 1887 930 1905 scas
947 1875 1019 1914 quod
1030 1875 1086 1914 ejus
1102 1885 1193 1903 curam
1207 1882 1318 1913 gereret,
1334 1875 1432 1914 exejus
1444 1875 1608 1905 adhortatio-

873 1931 905 1949 ne
914 1920 940 1948 id
954 1920 1069 1959 percipe.
1092 1921 1151 1948 Non
1164 1919 1243 1948 modo
1254 1919 1325 1948 enim
1347 1919 1422 1948 illam
1442 1920 1549 1960 iepulit,
1559 1921 1605 1950 sed

872 1972 898 1994 et
915 1964 1126 1993 adhortationem
1148 1963 1274 2001 induxit,
1298 1974 1356 2002 quze
1376 1970 1479 2004 poterat
1500 1975 1605 1993 omnem

869 2011 1003 2041 flammam
1021 2010 1204 2049 exstinguere:
1219 2011 1250 2039 Si
1264 2013 1341 2038 enim
1359 2011 1491 2040 dominus
1513 2021 1602 2049 meus,
1617 2027 1672 2048 Gru.
1686 2026 1754 2054 343,

869 2058 969 2097 inquit,
988 2063 1104 2096 propter
1125 2067 1170 2084 me
1185 2056 1259 2084 nihil
1280 2058 1359 2085 novit
1383 2058 1413 2084 in
1435 2057 1519 2085 domo
1541 2068 1602 2086 sua.

869 2104 966 2134 Statim
981 2103 1021 2132 illi
1040 2103 1128 2132 virum
1153 2113 1231 2131 suum
1247 2102 1274 2131 in
1291 2109 1404 2131 mentem
1416 2103 1563 2139 revocavit,
1576 2112 1605 2133 ut

869 2151 943 2180 illam
966 2150 1068 2190 pudore
1088 2150 1213 2178 afficeret.
1238 2150 1293 2178 Nee
1309 2149 1390 2186 dixit,
1406 2150 1540 2188 Virtutis,
1558 2151 1604 2180 sed

869 2199 1013 2227 Dominus
1028 2207 1117 2232 meus,
1140 2195 1210 2234 quod
1223 2195 1308 2233 magis
1322 2203 1408 2235 posset
1422 2196 1494 2225 illam
1508 2197 1603 2226 retine-

868 2256 897 2274 re
908 2251 933 2274 et
954 2243 1063 2273 suadere
1075 2243 1189 2281 cogitare
1199 2266 1205 2277 ,
1221 2254 1341 2281 quaenam
1353 2253 1413 2272 cum
1428 2251 1508 2281 esset,
1524 2255 1603 2283 quem

867 2299 979 2325 amaret,
993 2301 1086 2330 nempe
1103 2290 1210 2318 domina
1231 2300 1347 2319 servunt.
1366 2291 1433 2319 Nam
1455 2291 1477 2320 si
1498 2291 1544 2320 ille
1565 2298 1603 2320 cst

868 2340 1004 2377 dominus,
1020 2346 1082 2368 ettu
1093 2338 1211 2368 domina.
1228 2338 1327 2367 Pudeat
1338 2345 1362 2367 te
1385 2339 1465 2378 igitur
1478 2340 1602 2379 colloquii

57 2386 108 2415 Καὶ
121 2386 169 2425 δ’ρα
183 2388 237 2419 πῶς
252 2386 354 2425 ἐπαίρει
372 2387 448 2415 αὐτοῦ
468 2386 514 2418 τὰς
536 2387 690 2425 εὐεργεσίας.
706 2387 814 2423 Ἐπειδὴ
832 2388 849 2412 C
870 2387 931 2416 talis
941 2397 1001 2415 cuin
1018 2396 1103 2421 servo,
1116 2392 1141 2413 et
1153 2386 1238 2424 couita
1255 2385 1329 2423 cujus
1337 2395 1396 2413 cum
1407 2396 1442 2414 sis
1452 2396 1530 2422 uxor,
1543 2397 1603 2415 cum

55 2432 106 2472 γὰρ
120 2432 191 2462 οὐδὲν
204 2435 254 2462 τῶν
270 2434 375 2473 ὑψηλῶν
395 2435 513 2468 ἐννοῆσαι
527 2433 638 2469 ἠδύνατο
652 2436 668 2468 ἡ
687 2434 816 2473 βάρῧαρος

89 2536 98 2549 ⁴
117 2534 122 2568 Ι
136 2540 229 2567 γένοιντο
243 2537 269 2559 Α.
284 2535 322 2569 8.]

868 2444 921 2473 quo
936 2432 1002 2462 velis
1011 2431 1089 2468 coire,
1102 2437 1127 2459 et
1141 2430 1166 2460 iu
1177 2441 1256 2471 quem
1267 2431 1304 2459 sis
1316 2430 1428 2470 ingiata,
1439 2438 1463 2460 et
1474 2431 1546 2470 quod
1555 2443 1602 2472 ego

888 2546 897 2556 ·
918 2536 960 2570 [A.
975 2537 1002 2561 B⁴
1019 2534 1110 2566 ἐζήτει]
