1891 2866
527 185 558 207 lx
588 185 693 207 131’1s'r.
723 185 746 207 1.

59 244 85 272 ἐν
99 248 152 278 τοῖς
172 245 314 281 κινδύνοις,
330 246 372 275 ἵνα
393 246 429 284 μὴ
453 246 512 285 δόξῃ
534 248 607 286 θυμῷ
626 246 670 275 καὶ
692 246 823 285 κενοδοξία

59 290 124 330 πρὸς
137 291 266 325 τοιούτους
286 293 388 330 ἀγῶνας
406 292 487 328 ἴέναι,
507 292 575 322 ἀλλὰ
596 292 700 332 ἀνδρείᾳ
714 292 758 322 καὶ
771 305 823 321 σω-

59 336 183 376 φροσύνῃ.
199 336 233 366 ‘O
245 337 292 375 μὲν
312 337 362 376 γὰρ
377 339 497 377 ὑὲρίζων,
510 340 614 368 ἐκείνων
625 341 676 367 τῶν
691 338 818 378 εἶγκλημκὶῖΔ

60 393 111 410 των
122 383 246 421 ὑπομένει
258 383 305 417 τὴν
316 384 436 413 ὑπόνοιαν
447 397 452 402 ·
467 387 481 414 ὁ
494 384 520 414 δὲ
534 385 669 423 ὗπομένων
682 385 726 414 καὶ
747 386 824 415 ἑλκό-

61 439 135 466 μενος
154 429 198 457 καὶ
220 430 277 466 μετ’
297 430 438 463 ἐπιεικείας
456 430 656 468 ἀγωνιζόμενος,
667 431 716 470 οὐχ
729 433 763 464 ὡς
781 433 825 460 ἀν-

61 475 144 512 δρεῖος
158 475 318 513 θαυμάζεται
331 476 418 515 μόνον,
432 477 499 506 ἀλλὰ
510 477 554 505 καὶ
567 477 610 506 ε’πὶ
624 479 657 516 τῇ
674 477 824 517 σωφροσύνῃ

60 520 105 548 καὶ
115 523 148 560 τῇ
163 521 290 561 ἐπιεικείᾳ
305 523 353 561 οὐχ
369 518 447 557 ἧττον
460 523 681 561 ἀνακηρύττεται·
701 523 764 562 ὅπερ
780 523 825 552 καὶ

62 566 134 595 αὐτοὶ
152 566 210 595 τότε
227 567 363 604 ἐποίησαν,
380 568 427 603 τήν
443 581 472 597 τε
485 569 602 608 ἀνδρείαν
621 569 825 608 ἐπιδεικνύμενοι

61 612 106 640 καὶ
134 612 182 648 τὴν
209 613 350 643 ἐπιείκειαν
374 614 489 651 ἅπασαν,
508 615 553 643 καὶ
576 615 647 644 οὐδὲν
675 615 718 644 ἐπὶ
741 617 826 654 μισθῷ

60 658 218 699 πράττοντες
228 660 285 690 οὐδὲ
303 661 431 690 ἀντιδόσει
452 661 497 690 καὶ
519 661 697 700 ιὀἰνταιμ-οιέῇ.
716 661 768 690 Καὶ
782 661 825 691 ἐὰν

62 705 100 742 μὴ
112 705 209 745 θελήσῃ
223 729 230 742 ,
245 707 333 746 φησιν,
346 709 416 745 ἡμᾶς
431 706 578 743 ἐξελέσθαι,
592 711 646 740 τοῖς
660 709 726 741 θεοῖς
739 718 785 736 σου
798 709 826 736 οὐ

60 751 220 789 λατρεύομεν
230 764 236 770 ·
251 752 345 792 ἔχομεν
359 753 411 792 γὰρ
423 753 473 789 ἤδη
484 753 531 786 τὰς
546 753 673 791 ἀμοιὲὰς,
696 753 827 787 καταξιω-

62 796 147 830 θέντες
168 799 354 837 ἇπαλλαγῆναι
373 802 420 835 τῆς
439 799 578 835 ἀσεὸείας,
599 799 664 828 οκαὶ
688 799 731 828 διὰ
752 803 827 829 τοῦτο

61 846 227 872 κατακαῦσαι
241 844 274 873 τὰ
292 845 413 883 σώματα.
444 845 496 874 Καὶ
519 848 595 883 ἡμεῖς
616 845 699 874 τοίνυν
725 845 827 885 ἔχοντες

61 888 114 924 ἤδη
127 889 175 925 τὴν
190 891 318 920 ἀντίδοσιν
342 892 404 927 (καὶ
426 891 476 931 γὰρ
497 892 602 931 ἔχομεν,
625 891 827 925 καταξιωθέντες

63 935 140 964 αὖτὸν
157 937 312 974 ἐπιγνῶναι,
328 937 530 970 καταξιωθέντες
544 936 664 976 γενέσθαι
679 937 745 975 μέλη
762 938 827 977 Χρι-

61 982 138 1016 στοῦ)
152 980 188 1018 μὴ
206 982 356 1019 ποιήσωμεν
375 982 442 1011 αὐτὰ
462 983 528 1020 μέλη
544 982 650 1021 πόρνης.
665 983 712 1012 Ἐν
724 983 775 1023 γὰρ
789 985 826 1022 τῷ

61 1028 263 1068 φρικωδεστᾶτῳ
281 1028 363 1069 τούτῳ
381 1028 432 1068 χρὴ
452 1030 598 1058 καταλῦσαι
615 1028 659 1057 τὸν
677 1028 763 1067 λόγον,
785 1028 826 1057 ἵνα

62 1074 212 1110 ἀκμάζοντα
229 1074 330 1113 ἔχοντες
343 1076 390 1109 τῆς
404 1076 514 1109 ἀπειλῆς
533 1075 576 1103 τὸν
598 1074 686 1113 φόὸον,
707 1075 826 1113 μένωμεν

60 1121 106 1147 τοῦ
119 1120 228 1159 χρυσίου
251 1120 428 1161 καθαρώτεροι
446 1122 484 1160 τῷ
499 1120 571 1160 φόὸῳ
587 1120 669 1160 τούτῳ
681 1121 824 1159 γινόμενοι.

60 1165 140 1194 Οὕτω
151 1165 203 1206 γὰρ
214 1166 375 1205 δυνησόμεθα
383 1168 503 1208 πορνείας
511 1167 704 1206 ἀπαλλαγέντες
711 1167 753 1196 τὸν
763 1168 827 1209 Χρι-

61 1210 122 1241 στὸν
139 1212 201 1241 ἷδεῑν
211 1224 218 1230 ·
233 1213 260 1242 ὃν
275 1213 375 1253 γένοιτο
386 1214 486 1248 πάντας
507 1217 578 1253 ἡμᾶς
594 1213 662 1253 μετὰ
678 1214 826 1253 παῤῥησίας

62 1258 204 1288 θεάσασθαι
225 1259 293 1289 κατὰ
312 1259 359 1296 τὴν
373 1260 473 1299 ἡμέραν
490 1261 600 1296 ἐκείνην,
621 1259 711 1299 χάριτι
726 1260 770 1288 καὶ
785 1273 826 1300 φι-

62 1304 215 1347 λανθρωπία
224 1308 269 1334 τοῦ
283 1306 379 1346 Κυρίου
390 1309 467 1345 ἡμῶν
479 1307 566 1342 Ἰησοῦ
577 1307 692 1346 Χριστοῦ
703 1329 709 1342 ,
727 1308 784 1345 μεθ’
797 1303 826 1336 οῧ

60 1351 99 1389 τῷ
111 1351 198 1390 Πατρὶ
209 1351 264 1390 ἅμα
275 1354 312 1391 τῷ
323 1352 388 1393 ἁγίῳ
398 1353 536 1392 Πνεύματι
548 1352 622 1389 δόξα,
633 1352 741 1391 κράτος,
750 1352 825 1392 τιμὴ,

61 1398 106 1424 νῦν
132 1396 178 1426 καὶ
197 1398 254 1435 ἀεὶ,
281 1399 325 1428 καὶ
355 1401 392 1433 εἷς
414 1398 474 1433 τοὺς
502 1401 597 1433 αἰῶνας
629 1401 681 1428 τῶν
711 1398 822 1429 αἰώνων.

62 1440 153 1480 Ἀμήν.

94 1538 108 1557 b
126 1536 224 1572 [ἀμοιὲᾗ
236 1539 265 1565 Β.
276 1538 477 1573 Par-asyntheton
492 1539 580 1572 legitur
591 1539 666 1563 Tom.
679 1539 703 1570 3,
714 1547 740 1571 p.
753 1539 812 1568 723,

61 1577 90 1603 B.
102 1578 134 1602 In
144 1576 209 1603 eod.
219 1579 248 1603 Δ.
262 1577 351 1603 lacuna
367 1585 404 1603 est
421 1587 496 1611 usque
514 1577 547 1602 ad
559 1578 635 1603 verba
648 1581 750 1604 ῑεςποινά
766 1582 813 1603 ἐπι

776 184 820 206 ΑΙ)
846 184 907 206 COR
915 198 922 206 .
950 184 1067 206 nomi„

1554 174 1618 209 185

878 245 1032 284 certamina,
1041 245 1087 275 sed
1095 257 1130 275 ex
1143 246 1302 275 tortitudine
1317 254 1341 276 ct
1354 248 1535 287 temperantia.
1548 250 1616 278 Nam

877 291 923 330 qui
937 293 1095 321 contumelia
1105 293 1189 322 afficit
1198 316 1205 329 ‚
1219 293 1245 321 in
1256 293 1433 332 suspicionem
1445 295 1552 323 illorum
1567 295 1617 324 cri-

878 338 982 367 minum
1002 339 1076 368 venit
1092 351 1097 367 :
1116 339 1161 378 qui
1178 350 1241 369 vero
1261 340 1372 368 sustinet
1395 347 1420 369 et
1444 341 1560 369 trahitur
1584 351 1616 370 ac

879 395 940 413 cum
967 386 1172 415 mansuetudine
1195 386 1321 421 decertat,
1339 397 1390 415 non
1406 387 1486 416 modo
1515 395 1543 416 ut
1562 388 1617 416 for-

877 429 913 458 tis
925 430 952 459 in
964 430 1140 461 admiratione
1154 432 1270 461 habetur
1276 455 1286 471 ‚
1297 431 1344 461 sed
1355 432 1433 461 etiam
1448 433 1482 461 ob
1495 433 1618 462 modera-

878 476 978 506 tionem
984 485 1010 507 et
1020 478 1251 508 mansuetudinem
1263 489 1315 507 non
1324 479 1413 508 minus
1420 479 1576 509 celebratur.
1585 480 1617 509 ld

881 523 954 561 quod
965 531 990 553 et
1004 525 1055 564 ipsi
1070 532 1133 554 tunc
1142 525 1272 563 fecerunt,
1288 535 1350 554 cum
1358 532 1383 554 et
1391 525 1577 555 fortitudinem
1592 533 1618 554 et

881 570 1111 600 mansuetudinem
1133 582 1238 600 omnem
1256 571 1439 600 exhibuerunt
1451 583 1458 599 ε
1471 582 1520 601 nec
1537 572 1618 610 quid-

880 627 961 655 quam
983 618 1066 647 fecere
1087 625 1195 658 propter
1215 618 1363 648 mercedem
1378 626 1404 648 et
1415 619 1567 659 praemium.
1583 619 1618 649 Et

881 662 904 691 si
926 663 1052 701 nolucrit,
1074 664 1207 703 inquiunt,
1220 675 1268 694 nos
1290 664 1402 704 eripere,
1417 664 1469 693 diis
1488 666 1542 694 tuis
1564 675 1616 694 non

881 709 1032 738 servimus:
1045 710 1103 749 jam
1125 710 1195 739 enim
1222 710 1462 739 remunerationem
1477 711 1618 747 habemus,

882 762 911 784 ut
923 755 999 795 digni
1014 755 1110 792 habiti,
1123 757 1168 795 qui
1186 756 1220 785 ab
1236 756 1372 796 impietate
1391 757 1576 792 liberaremur,
1593 765 1619 786 et

881 801 953 839 quod
971 809 1109 841 propterca
1129 813 1240 842 corpora
1260 809 1448 832 cremarentur.
1459 803 1495 832 Et
1508 814 1556 832 nos
1567 803 1620 842 igi-

881 854 925 875 tur
932 847 1059 877 habentes
1066 849 1123 888 jam
1139 848 1287 878 mercedem
1299 852 1309 886 (
1317 860 1378 878 nam
1391 849 1530 887 habemus,
1542 850 1619 890 digni

882 893 968 922 habiti
983 894 1029 932 qui
1048 895 1126 924 illum
1151 906 1378 934 cognosceremus,
1389 903 1415 925 et
1430 896 1477 934 qui
1499 897 1620 926 membra

883 940 982 968 Christi
999 940 1195 978 efficeremur),
1219 952 1252 970 ne
1275 942 1406 971 faciamus
1430 942 1476 971 illa
1499 943 1620 972 membra

881 985 1036 1013 meretricis.
1052 986 1083 1013 In
1092 985 1142 1014 hoc
1157 985 1227 1014 enim
1236 992 1290 1014 tam
1297 985 1430 1014 horrendo
1442 986 1514 1015 dicto
1524 987 1620 1016 finien—

880 1029 915 1058 da
927 1037 965 1059 est
981 1030 1084 1059 oratio:
1099 1038 1129 1059 ut
1145 1031 1268 1061 validum
1281 1031 1408 1060 habentes
1424 1032 1620 1070 ‘comminatio-

881 1077 922 1105 nis
942 1077 1075 1114 timorem,
1090 1088 1243 1107 maneamus
1259 1089 1325 1107 auro
1343 1078 1465 1118 puriores
1480 1079 1531 1108 hoc
1545 1087 1618 1109 metu

880 1125 989 1154 redditi.
1005 1125 1050 1154 Sic
1067 1125 1138 1154 enim
1156 1126 1303 1166 poterimus
1317 1137 1332 1155 a
1346 1126 1521 1156 fornicatione
1534 1129 1619 1168 erepti

882 1171 1019 1200 Christum
1036 1171 1127 1202 videre
1141 1184 1147 1200 :
1160 1183 1240 1210 quem
1263 1169 1367 1201 utinam
1382 1183 1445 1201 cum
1465 1172 1564 1202 fiducia
1578 1174 1619 1203 vi-

881 1217 990 1247 deamus
1005 1219 1032 1247 in
1057 1219 1104 1247 illo
1118 1217 1170 1256 die,
1185 1219 1273 1258 gratia
1287 1226 1313 1248 et
1326 1219 1489 1258 benignitate
1510 1221 1621 1250 Domini

880 1262 963 1291 nostri
972 1264 1035 1293 Jesu
1050 1262 1160 1302 Christiy
1169 1263 1278 1302 quicum
1293 1263 1365 1292 Patri
1385 1273 1490 1301 unaque
1505 1264 1621 1304 Spiritui

881 1315 970 1338 sancto
985 1309 1079 1348 gloria,
1094 1309 1192 1348 honor,
1209 1310 1362 1350 imperium,
1377 1320 1449 1339 nunc
1463 1316 1488 1339 et
1503 1321 1618 1351 semper,

879 1355 941 1384 etin
952 1356 1048 1385 saecula
1058 1356 1228 1386 saeculorum.
1251 1358 1346 1386 Amen.

1098 185 1169 207 XIX.

861 1545 919 1570 pag.
932 1546 984 1570 seq.
997 1537 1043 1571 D.]

895 1584 905 1596 e
923 1577 966 1609 [B.
979 1582 1004 1601 et
1010 1584 1095 1609 marg.
1107 1575 1184 1602 Savil.
1196 1580 1233 1602 καὶ
1245 1579 1301 1611 ὑπὲρ
1313 1580 1381 1606 αὐτῆς
1392 1577 1455 1611 nn]

347 1764 482 1794 oMLuA
499 1764 539 1793 20¹.

1119 1764 1273 1794 HOEIILIA
1294 1764 1374 1795 XIX,

62 1858 130 1897 Περὶ
144 1857 170 1887 δὲ
185 1852 221 1886 ὧν
233 1857 363 1898 ἕγράψατέ
374 1869 435 1895 μοι·
454 1858 533 1886 καλὸν
555 1857 684 1898 ἀνθρώπῳ
705 1858 824 1897 γυναικὸς
843 1862 861 1885 Ε
880 1856 946 1886 CAP.
962 1857 1024 1887 Vll.
1043 1868 1070 1887 v.
1095 1860 1123 1886 1.
1145 1859 1192 1887 De
1212 1860 1317 1898 quibus
1337 1865 1435 1888 autem
1461 1862 1614 1900 scripsistis

103 1903 140 1942 μὴ
160 1903 301 1934 ἅπτεσθαι·
317 1903 360 1932 διὰ
385 1903 412 1932 δὲ
433 1903 480 1937 τὰς
497 1904 620 1943 πορνείας
643 1904 754 1937 ἕκαστος
776 1904 824 1939 τὴν

99 1951 192 1979 ἑαυτοῦ
219 1955 329 1990 γυναῖκα
358 1950 457 1990 ἐχέτω,
486 1950 531 1979 καὶ
559 1950 658 1985 ἑκάστη
686 1950 730 1979 τὸν
759 1951 823 1979 ἴδιον

103 1996 192 2036 ἄνδρα.

100 2135 251 2177 Διορθώσας
263 2135 297 2165 τὰ
310 2135 488 2175 χαλεπώτατα
510 2135 587 2176 “τρία
608 2136 764 2175 ἐγκλήματα
774 2160 781 2173 ,
795 2137 823 2165 ἓν

61 2182 110 2222 μὲν
131 2182 160 2211 τὸ
177 2183 331 2212 διεσπὲσθαι
346 2182 393 2218 τὴν
413 2182 584 2219 Ἐκκλησίαν,
601 2183 718 2224 δεύτερον
733 2183 759 2212 δὲ
778 2186 824 2212 τοῦ

59 2227 278 2268 πεπορνευκότος,
291 2227 377 2268 τρίτον
400 2227 430 2256 τὸ
443 2231 487 2257 τοῦ
507 2228 678 2265 πλεονέκτου,
694 2228 823 2269 κέχρηται

59 2274 150 2304 λοιπὸν
164 2273 324 2315 ἡμερωτέρῳ
344 2274 428 2315 λόγῳ·
445 2274 490 2303 καὶ
506 2274 603 2313 μεταξὺ
621 2274 708 2311 τίθησι
722 2275 823 2315 παραί-

919 1904 992 1932 ηιίΙιί
1000 1915 1008 1931 .-
1021 1905 1135 1933 Bonum
1147 1911 1189 1933 est
1199 1905 1310 1934 homini
1322 1905 1472 1935 mulierem
1481 1917 1540 1935 non
1552 1913 1616 1936 tan-

917 1961 984 1990 gere
997 1962 1004 1978 :
1016 1952 1045 1979 Ξ.
1057 1957 1174 1990 propter
1181 1951 1409 1991 fornicationem
1419 1959 1515 1983 autem
1525 1963 1616 1982 unus-

918 1998 1039 2036 quisque
1049 2007 1131 2025 suam
1141 2007 1261 2026 uxorem
1271 1997 1389 2037 habeat,
1395 2005 1424 2028 et
1434 2009 1615 2039 unaquaeque

917 2052 1001 2071 suum
1008 2044 1115 2072 virum.

917 2138 944 2163 1.
966 2136 1110 2174 Postquam
1138 2136 1296 2175 gravissima
1322 2137 1374 2166 tria
1396 2138 1512 2169 correxit
1534 2138 1612 2173 vitia,

878 2192 961 2210 unum
976 2181 1085 2220 quidem
1099 2181 1171 2220 quod
1188 2181 1361 2212 divelleretur
1372 2184 1500 2222 Ecclesia,
1515 2196 1613 2215 sccun-

875 2227 942 2256 dum
951 2235 1039 2257 autem
1052 2227 1228 2265 fornicatoris,
1236 2229 1344 2258 tertium
1352 2231 1427 2260 avari
1437 2243 1445 2269 3
1454 2231 1551 2261 deinde
1562 2231 1611 2260 mi-

876 2273 943 2303 tiore
950 2285 1013 2303 usus
1020 2281 1059 2303 est
1068 2274 1186 2303 oratione
1194 2286 1200 2302 z
1209 2280 1234 2303 et
1241 2274 1449 2306 admonitionem
1458 2278 1614 2308 consilium-

59 2332 128 2350 νεσιν
139 2320 184 2350 καὶ
194 2320 342 2358 συμὲου).ὴν
352 2320 399 2356 τὴν
410 2320 525 2359 περὶτοῦ
536 2321 622 2359 γάμου
637 2321 682 2349 καὶ
695 2323 743 2356 τῆς
755 2334 823 2362 παρ·
832 2339 867 2359 ,59
875 2330 928 2358 que
938 2320 1083 2360 interponit
1093 2320 1127 2349 de
1140 2320 1310 2350 matrimonio
1331 2329 1357 2351 et
1368 2323 1401 2352 de
1413 2323 1583 2363 virginitate,
1597 2335 1613 2353 a

60 2365 156 2403 θενίας,
170 2366 223 2396 ἀπὸ
233 2369 285 2395 τῶν
296 2366 493 2406 φορτικωτέρων
508 2366 649 2396 ἀναπαύων
661 2366 705 2396 τὸν
725 2369 822 2407 ἀκροα-
839 2368 859 2390 Α
875 2367 1072 2396 molestioribus
1087 2366 1235 2395 auditorem
1247 2366 1281 2395 ad
1301 2368 1387 2406 quieta
1401 2369 1510 2399 ducens.
1521 2371 1552 2399 In
1565 2381 1611 2400 se-

61 2411 118 2447 τήν.
139 2412 203 2442 Ἐπὶ
226 2412 254 2442 δὲ
274 2414 321 2447 τῆς
345 2412 466 2452 δευτέρας
491 2413 632 2448 ἐπιστολῆς
652 2413 683 2442 τὸ
705 2413 821 2442 ἐναντίον

61 2463 146 2488 ποιεῖ·
164 2458 273 2498 ἄρχεται
285 2459 331 2497 μὲν
347 2458 399 2488 ἀπὸ
412 2461 464 2488 τῶν
473 2459 657 2498 ἡμερωτέρων,
672 2460 780 2499 τελευτᾷ
793 2459 821 2489 δὲ

92 2550 103 2565 ⁴
121 2549 160 2574 lta
173 2549 243 2583 neg.-,
256 2555 309 2585 τρια
321 2550 390 2576 deest
401 2551 426 2575 in
440 2549 528 2575 Editis.

875 2413 962 2442 cunda
983 2420 1072 2442 autem
1096 2412 1206 2453 epistola
1227 2414 1391 2444 contrarium
1414 2415 1499 2445 facit:
1518 2416 1612 2457 incipit

875 2459 970 2490 enima
982 2459 1145 2499 mitioribus,
1163 2458 1262 2489 desinit
1275 2466 1365 2490 autem
1382 2460 1409 2490 in
1421 2461 1547 2492 tristiora.
1561 2463 1611 2492 Hic
