1891 2866
67 1591 167 1619 Philipp⁴
183 1589 205 1611 3.

70 1629 105 1651 19.

219 187 281 220 170
569 185 596 206 S.
625 184 762 207 JOANMS
789 184 966 208 CHRYSOST.

996 185 1013 207 A
1021 185 1135 208 Rculssl‘
1143 200 1149 206 .
1180 183 1430 207 CONSTANTINOP
1438 199 1444 205 .

213 247 247 276 de
261 247 294 275 iis
314 257 372 285 qum
396 245 573 274 indifferentia
589 255 643 274 esse
669 245 804 275 videntur.
822 245 948 285 Exempli
965 249 982 271 B
1003 247 1149 284 ἀδιαφόρων
1174 241 1239 274 εἶναι
1257 244 1409 273 δοκούντων.
1433 240 1496 273 Οῗόν
1518 255 1543 272 τι
1559 244 1640 282 λέγω·
1657 242 1739 277 ἔξεστι
1755 263 1763 279 ,

214 302 293 321 causa
307 304 312 319 :
329 292 399 327 licet,
418 291 516 329 inquit,
529 291 664 319 comedere
673 298 698 319 ct
710 291 812 325 bibere;
828 291 873 320 scd
887 302 950 319 cum

215 338 290 377 copia
305 337 387 366 nimia
399 348 451 366 nou
463 336 580 376 expedit.
597 337 731 375 Quodque
752 337 849 365 mirum
870 337 948 365 inex—

215 390 416 423 spectatumque
429 390 477 419 est,
497 382 569 421 quod
581 383 665 411 facere
681 393 750 422 saepe
770 383 834 411 solet
849 383 875 411 in
891 393 950 411 eon-

218 429 331 457 trarium
345 435 499 458 convertens
512 429 666 465 orationem,
685 429 730 457 liic
751 439 855 467 quoquc
883 427 952 456 illud

216 475 387 514 exsequitur3
403 482 428 504 et
442 474 556 504 ostendit
573 475 645 514 quod
667 475 694 503 in
709 481 836 514 potestate
848 475 931 502 faeere
943 496 950 509 ‚

218 532 269 550 non
293 521 380 550 solum
394 532 446 550 uon
464 520 598 560 expediat,
622 521 666 549 scd
681 531 727 549 nec
744 520 881 560 potestatis
893 520 952 557 qui-

216 567 278 596 dem
292 567 336 605 sit,
353 578 445 596 verum
455 567 600 596 servitutis.
612 567 645 595 Et
656 567 742 606 primo
758 565 865 604 quidem
877 577 952 593 aver-

218 613 249 642 tit
261 614 295 642 ab
306 624 348 648 eo,
363 613 437 651 quod
452 624 502 642 non
515 613 650 652 expediat,
665 613 754 640 dicens
765 623 770 639 ε
783 613 850 640 Non
863 621 950 650 erpe-

218 661 301 689 diunt
309 672 320 693 ,·
335 658 449 688 seeundo
463 665 549 686 autem
569 669 584 686 a
601 658 743 691 contrario,
769 657 873 693 dicens,
888 659 951 695 Ego

219 707 271 733 sub
294 705 402 734 nullius
413 705 529 743 redigar
554 710 704 742 potestate.
719 703 774 731 lloc
794 710 883 732 autem
901 703 952 731 sihi

219 751 279 779 vult
293 763 298 779 :
312 751 394 779 Penes
406 757 430 778 te
444 757 481 778 est
494 750 663 787 manducare,
678 749 781 787 inquit;
797 760 859 788 ergo
877 760 954 778 mane

220 798 245 825 in
261 797 306 825 illa
322 803 460 836 potestate,
480 803 504 824 et
517 806 581 824 cave
594 807 626 823 nc
636 796 716 834 hujus
730 796 838 825 allectus
862 807 954 825 servus

219 842 352 873 efficiaris.
369 843 438 871 Nam
459 842 505 880 qui
529 848 558 870 nt
571 842 695 870 convenit
716 841 763 870 illo
778 842 870 878 utitur,
882 843 955 871 illius

219 889 343 918 dominus
357 896 413 926 est;
432 889 478 927 qui
498 896 587 918 autem
602 900 751 918 mensuram
766 890 878 927 excedit,
903 901 954 920 non

218 936 288 964 ultra
302 936 427 965 dominus
441 943 489 972 est,
511 935 558 965 sed
569 947 662 965 servus
679 937 735 976 ejus
755 937 878 973 eflicitur,
893 938 955 977 gula

218 982 245 1009 in
264 982 323 1021 ipso
337 981 505 1022 tyrannidem
526 989 672 1011 exercente.
706 982 804 1011 Viden’
821 984 955 1021 quomodo

218 1038 287 1064 eum,
300 1028 347 1066 qui
362 1039 387 1057 se
407 1034 562 1068 potestatem
584 1028 681 1058 habere
695 1030 816 1068 putabat,
832 1030 883 1059 sub
902 1042 953 1070 po-

219 1078 309 1100 testate
326 1082 380 1100 csse
401 1071 519 1101 ostendat
533 1072 546 1099 Ξ)
558 1073 630 1102 Solet
648 1073 718 1101 enim
740 1074 837 1102 Paulus
851 1074 902 1103 hoc
916 1076 954 1104 sa-

218 1129 289 1155 cere,
305 1125 334 1146 ut
343 1119 400 1157 jain
414 1118 482 1152 dixi,
496 1118 524 1147 in
536 1119 698 1147 contrarium
712 1120 871 1158 objectiones
892 1132 954 1150 vcr-

217 1172 271 1193 1cre
284 1176 289 1192 :
308 1164 379 1202 quod
394 1165 437 1193 hic
451 1164 531 1193 etiam
545 1165 616 1193 fecit.
640 1166 829 1195 Animadverte
842 1174 929 1196 autem
944 1180 949 1194 :

218 1211 330 1249 quisque
342 1221 433 1239 eornm
450 1210 566 1249 dicebat,
583 1211 657 1240 Licet
673 1212 740 1240 mihi
755 1212 873 1241 deliciari
888 1226 893 1241 z
911 1214 956 1242 ille

218 1268 281 1285 vero
294 1257 370 1295 dicit,
387 1258 446 1286 Non
461 1257 511 1286 hoc
529 1264 558 1286 tu
571 1258 607 1286 ita
621 1257 684 1286 sacis
702 1265 731 1286 ut
747 1259 794 1296 qui
815 1259 845 1288 id
858 1260 956 1289 habeas

218 1304 244 1331 in
260 1310 398 1341 potestate,
409 1303 455 1331 sed
470 1304 556 1341 utqui
569 1304 606 1332 sis
617 1304 674 1343 ipse
689 1304 811 1333 redactus
827 1306 877 1334 suh
888 1306 955 1336 lianc

217 1355 380 1387 potestatem.
393 1349 483 1387 Neque
499 1349 569 1378 enim
582 1349 684 1379 ventris
695 1357 849 1389 potestatem
861 1352 954 1391 hahes,

219 1393 349 1431 quamdiu
369 1393 450 1422 fueris
467 1394 552 1422 veniri
566 1394 646 1423 nimis
665 1394 816 1434 indulgens,
840 1396 885 1424 sed
900 1397 956 1436 ipse

221 1448 245 1469 le
270 1441 297 1469 in
324 1448 451 1480 potestate
475 1441 564 1470 habet.
592 1442 649 1470 Iloc
673 1450 761 1471 autem
780 1443 814 1472 de
837 1445 956 1484 pecuniis

217 1487 297 1514 etiam
311 1487 397 1525 (leque
410 1487 472 1516 aliis
486 1487 540 1516 dici
558 1495 654 1527 potest.
672 1489 719 1517 15.
738 1490 823 1518 Escae
845 1494 953 1520 ventri.

217 1533 346 1561 Ventrem
363 1533 408 1561 hic
419 1543 471 1562 non
499 1540 628 1571 ventrem,
645 1534 692 1563 sed
706 1534 854 1573 ingluviem
862 1544 954 1566 vocat:

217 1585 247 1606 ut
267 1589 328 1607 cum
345 1578 432 1607 dicit:
460 1580 587 1617 Quorum
608 1581 678 1609 {leus
703 1588 807 1610 ‘venter
825 1589 888 1616 est;
905 1594 955 1612 non

216 1623 249 1652 de
259 1624 311 1653 hoc
322 1625 442 1653 membro
459 1624 577 1663 loquens,
599 1626 647 1654 sed
664 1626 698 1655 de
714 1627 866 1657 voracitate.
876 1629 956 1664 Quod

216 1670 287 1699 enim
298 1670 333 1699 ita
342 1671 386 1708 sit,
399 1670 462 1699 audi
471 1671 606 1709 sequentia
619 1673 662 1700 :E
665 1679 676 1701 t
688 1676 868 1703 venterescis
879 1686 956 1704 :cor-

215 1727 268 1754 pus
279 1723 374 1745 autem
387 1727 445 1745 non
451 1718 656 1756 fornicationi,
667 1719 718 1747 sed
727 1720 862 1749 Domino.
876 1722 957 1760 Atqui

216 1770 308 1792 venter
323 1774 428 1801 quoque
441 1770 479 1791 est
499 1774 604 1802 corpus.
623 1764 676 1793 Sed
697 1764 764 1793 duas
780 1767 870 1804 posuit
891 1778 957 1796 con-

213 1808 375 1847 junctiones,
384 1819 455 1837 escas
467 1815 492 1837 et
506 1809 664 1847 ingluviem,
680 1821 758 1849 quam
772 1812 881 1850 quidem
889 1823 956 1842 ren-

218 1862 285 1884 trem
305 1856 422 1893 vocavit,
437 1855 575 1884 Christum
589 1863 613 1885 et
624 1867 728 1896 corpus.
743 1858 817 1894 Quid
831 1859 882 1888 sibi
901 1860 960 1889 vult

219 1900 298 1938 illud,
309 1902 393 1929 Escoe
405 1903 528 1929 ventri?
542 1901 625 1939 Escae,
639 1902 737 1941 inquit,
745 1904 890 1933 amicitiam
912 1905 959 1934 ha-

219 1946 283 1974 bent
297 1957 358 1974 cum
373 1946 501 1984 ingluvie,
516 1953 541 1975 el
551 1947 608 1976 haec
622 1959 684 1976 cum
694 1956 795 1977 ventre.
805 1950 863 1978 Non
876 1958 961 1990 potest

220 2003 282 2031 ergo
295 1993 329 2021 ad
350 1993 488 2022 Christum
507 2005 553 2023 nos
568 1995 674 2032 ducere,
689 1996 733 2025 sed
748 1997 782 2025 ad
794 1997 848 2026 haec
867 1999 958 2028 trahit.

221 2040 321 2069 Gravis
332 2041 402 2069 enim
410 2048 434 2069 et
442 2041 560 2069 belluina
571 2049 608 2070 est
618 2044 704 2082 passio
713 2054 854 2083 servosque
863 2045 960 2083 reddit,

221 2093 246 2114 et
255 2093 285 2115 ut
295 2086 345 2115 sihi
357 2086 486 2115 serviatur
498 2087 587 2116 efficit.
598 2089 652 2117 Cur
662 2099 724 2128 ergo
731 2089 848 2119 alimenti
861 2091 959 2129 inhias,

220 2143 236 2162 o
251 2133 349 2161 homo?
363 2133 440 2161 Illius
454 2144 567 2171 namque
582 2135 722 2164 ministerii
736 2136 796 2165 talis
808 2144 846 2165 est
855 2138 927 2172 finis,
935 2143 961 2168 et

220 2179 289 2208 nihil
303 2179 420 2220 amplius
435 2181 590 2217 exhibebit;
604 2182 650 2211 sed
665 2190 800 2222 tamquam
818 2185 897 2214 alicui
911 2186 959 2215 do-

1004 292 1080 330 φησὶ,
1092 295 1182 330 φαγεῖν
1192 313 1198 325 ,
1215 291 1259 319 καὶ
1272 295 1351 325 πιεῖν,
1367 291 1424 319 ἀλλ’
1437 291 1464 319 οὖ
1476 290 1601 330 συμφέρει
1614 289 1679 327 μετὰ
1693 292 1764 319 οἴσω-

1005 337 1070 370 τίας.
1098 336 1149 365 Καὶ
1168 336 1197 365 τὸ
1217 336 1248 371 δὴ
1265 336 1414 374 θαυμαστὸν
1430 336 1506 364 αὐτοῦ
1525 336 1570 364 καὶ
1584 335 1739 374 παράδοξον,
1752 334 1766 363 ὃ

1006 383 1036 418 δὴ
1051 384 1185 421 πολλαχοῦ
1197 387 1278 411 ποιεῖν
1292 381 1428 419 εἴωθενῖεἷς
1437 382 1466 410 τὸ
1479 381 1592 410 ἐναντίον
1602 381 1765 420 περιτρέπων

1005 429 1048 457 τὸν
1063 428 1148 466 λόγον,
1163 431 1237 457 τοῦτο
1251 428 1296 456 καὶ
1311 430 1419 456 ἐνταῦθα
1437 427 1641 463 κατασκευάζει,
1656 426 1702 456 καὶ
1716 426 1767 455 δεί-

1005 486 1094 503 κνυσιν
1109 474 1150 503 ὅτι
1164 474 1193 502 τὸ
1212 475 1238 502 ἐν
1254 474 1356 513 ἐξουσίᾳ
1376 478 1469 510 ποιεῖν,
1483 475 1511 503 οὐ
1532 473 1608 511 μόνον
1624 475 1652 502 οὗ
1666 472 1767 511 συμφέ-

1008 532 1062 559 ρει,
1088 520 1147 549 ἀλλ’
1171 520 1228 549 οὐδὲ
1250 520 1366 553 ἐξουσίας
1381 520 1460 554 ἐστὶν,
1482 519 1551 548 ἀλλὰ
1565 519 1688 551 δουλείας.
1714 518 1767 547 Καὶ

1005 568 1109 604 πρῶτον
1136 566 1182 604 μὲν
1206 567 1257 595 ἀπὸ
1277 569 1322 595 τοῦ
1342 566 1492 605 ἀσυμφόρου
1513 565 1655 605 ἀποτρέπει
1669 564 1764 603 λέγων,

1005 615 1044 642 Οὐ
1066 613 1192 652 συμφέρει
1204 624 1212 631 ·
1227 612 1344 652 δεύτερον
1367 612 1393 642 δὲ
1407 613 1452 641 καὶ
1467 613 1519 641 ἀπὸ
1532 616 1576 641 τοῦ
1591 611 1705 640 ἐναντίου
1721 610 1766 639 λέ-

1005 672 1067 699 γων,
1080 660 1121 689 ὅτι
1136 661 1194 689 Οὐκ
1212 659 1263 698 ἐγὼ
1276 659 1509 697 ἐῖουσιασθήσομαι
1524 658 1574 687 ὑπὸ
1587 657 1664 690 τινός.
1685 657 1722 686 ιὈ
1740 656 1767 685 δὲ

1006 706 1076 745 λέγει
1088 730 1094 742 ,
1108 706 1184 735 τοῦτο’
1198 708 1253 735 ἐστι
1267 717 1273 723 ·
1287 706 1373 745 κύριος
1387 700 1411 734 εἶ’
1423 708 1467 733 τοῦ
1482 708 1583 744 φαγεῖν,
1599 703 1676 743 φησίν
1686 715 1692 721 ·
1703 706 1765 733 οὒκ-

982 766 988 787 ;
1007 755 1048 781 οῦν
1065 752 1125 790 μένε
1138 752 1224 790 κύριος
1241 751 1286 787 ὢν,
1300 751 1344 780 καὶ
1361 751 1453 780 σκόπει
1476 750 1512 788 μὴ
1526 749 1588 789 γένῃ
1607 751 1694 782 δοῦλος
1710 749 1769 779 τού-

1008 810 1052 827 του
1068 801 1111 826 τοῦ
1126 798 1233 830 πάθους.
1258 797 1291 826 Ὁ
1309 796 1355 835 μὲν
1369 797 1419 835 γὰρ
1434 798 1470 828 εἷς
1484 795 1538 825 δέον
1554 797 1624 835 αὐτῷ
1639 795 1770 834 κεχρημέ-

1008 856 1059 879 νος,
1071 844 1145 877 αὗτὸς
1157 846 1234 872 αὐτοῦ
1244 843 1331 882 κύριός
1343 845 1424 872 ἐστιν·
1439 845 1452 871 ὃ
1464 842 1491 871 δὲ
1502 843 1538 874 εἷς
1549 841 1675 881 ἀμετρίαν
1687 841 1770 876 ἐξιὼν,

1009 891 1095 920 οὖκέτι
1109 890 1196 929 κύριος
1207 913 1214 927 ,
1235 890 1302 919 ἀλλὰ
1321 890 1408 922 δοῦλος
1422 890 1499 917 αὐτοῦ
1512 888 1612 928 γίνεται
1622 910 1630 923 ,
1645 890 1692 923 τ’ῆς
1706 888 1769 922 ἄδη-

1009 937 1104 977 φαγίας
1126 939 1152 965 ἐν
1175 938 1246 976 αὐτῷ
1267 935 1449 975 τυραννούσης.
1473 930 1549 966 Εἶδες
1562 936 1618 967 πῶς
1633 933 1677 962 τὸν
1691 933 1768 971 νομί-

1008 985 1084 1017 ζοντα
1109 982 1224 1016 ἐξουσίαν
1249 982 1328 1020 ἔχειν,
1352 980 1445 1014 ἔδειξεν
1469 980 1520 1009 ὑπὸ
1549 979 1663 1013 ἐξουσίαν
1687 979 1767 1013 ὅντα;

1007 1031 1032 1059 Τ
1034 1034 1092 1059 oiim
1106 1029 1156 1069 γὰρ
1169 1030 1223 1062 ἔθος
1237 1031 1274 1067 τῷ
1285 1028 1385 1067 Παύλῳ
1395 1032 1477 1057 ποιεῖν
1487 1051 1494 1063 ,
1508 1027 1571 1066 ὅπερ
1586 1026 1665 1066 ἔφθην
1677 1025 1767 1059 εἰπὼν,

1007 1078 1042 1108 εἷς
1055 1076 1085 1105 τὸ
1100 1075 1214 1105 ἐναντίον
1235 1074 1400 1114 περιτρέπειν
1414 1074 1461 1105 τὰς
1479 1073 1628 1108 ἀντιθέσεις,
1650 1072 1663 1101 ὂ
1677 1071 1708 1107 δὴ
1724 1071 1769 1100 καὶ

1008 1124 1116 1151 ἐνταῦθα
1135 1121 1273 1156 πεποίηκε.
1299 1119 1397 1149 Σκόπει
1413 1119 1440 1149 δέ
1451 1131 1457 1137 ·
1471 1118 1575 1147 ἐκείνων
1591 1118 1699 1151 ἕκαστος
1712 1130 1724 1146 ε
1742 1129 1768 1146 ε-

1008 1180 1062 1207 γεν,
1079 1167 1161 1201 ἔξεστί
1181 1178 1224 1205 μοι
1242 1171 1339 1206 τρυφᾷν
1353 1177 1359 1182 ·
1377 1165 1453 1198 αὐτός
1467 1176 1555 1203 φησιν,
1570 1163 1611 1193 ὅτι
1625 1165 1674 1202 οὐχ
1687 1162 1768 1195 οὕτως

1010 1214 1072 1243 αὐτὸ
1087 1218 1183 1247 ποιεῖς,
1197 1215 1232 1246 ὡς
1252 1211 1367 1246 ἐξουσίαν
1386 1212 1452 1251 ἔχων
1471 1212 1557 1247 αὐτοῦ,
1572 1211 1629 1239 ἀλλ’
1643 1212 1678 1242 ὡς
1694 1209 1770 1241 αὐτὸς

1009 1260 1177 1298 ὕποκείμενος
1189 1261 1222 1298 τῇ
1237 1258 1336 1298 ἐξουσίᾳ
1352 1258 1443 1296 ταύτῃ.
1467 1256 1535 1286 Οὐδὲ
1548 1256 1600 1296 γὰρ
1615 1255 1684 1295 ἔχεις
1701 1255 1771 1289 ἕξου-

1009 1307 1066 1336 σίαν
1078 1309 1124 1341 τ’ῆς
1137 1306 1264 1344 γαστρὸς,
1282 1304 1330 1337 ἕως
1345 1303 1374 1332 ἂν
1392 1303 1492 1335 ἄσωτος
1505 1298 1536 1342 ᾗς
1546 1325 1554 1338 ,
1569 1303 1626 1331 ἀλλ’
1643 1302 1709 1338 αὐτή
1723 1313 1769 1330 σου

1008 1352 1055 1387 τὴν
1070 1351 1185 1385 ἐξουσίαν
1206 1351 1269 1389 ἔχει.
1291 1351 1376 1379 Τοῦτο
1391 1349 1436 1378 καὶ
1450 1349 1493 1377 ἐπὶ
1507 1347 1652 1388 χρημάτων
1666 1348 1711 1377 καὶ
1725 1348 1769 1376 ἐπὶ

1009 1401 1059 1427 τῶν
1083 1399 1170 1426 ἄλλων
1193 1396 1263 1425 ἐστὶν
1283 1398 1373 1424 εἰπεῖν.
1400 1396 1424 1423 Τ
1427 1394 1443 1423 ὰ
1467 1395 1596 1434 βρώματα
1618 1397 1651 1433 τῇ
1672 1394 1769 1433 κοιλίᾳ.

1009 1444 1117 1473 Κοιλίαν
1132 1445 1241 1472 ἐνταῦθα
1251 1465 1258 1478 ,
1273 1444 1301 1470 οὗ
1315 1441 1361 1477 τὴν
1376 1441 1489 1479 γαστέρα
1500 1463 1507 1476 ,
1519 1440 1586 1469 ἀλλὰ
1599 1440 1646 1475 τὴν
1661 1452 1768 1480 γαστρι-

1010 1490 1123 1530 μαργίαν
1140 1489 1210 1527 λέγει
1223 1501 1228 1506 ·
1243 1490 1278 1521 ὡς
1295 1488 1355 1517 ὅταν
1369 1487 1450 1526 λέγῃ,
1462 1483 1516 1515 qh
1538 1489 1552 1515 ὁ
1568 1486 1623 1520 θεὸς
1636 1489 1653 1521 ἠ
1669 1486 1766 1521 κοιλία,

1010 1539 1038 1566 οὐ
1052 1536 1111 1575 περὶ
1123 1540 1168 1564 τοῦ
1186 1535 1278 1574 μέλους
1290 1534 1382 1573 λέγων,
1395 1533 1463 1562 ἀλλὰ
1477 1533 1537 1572 περὶ
1551 1535 1598 1568 τῆς
1614 1532 1770 1572 ἀδηφαγίας.

1011 1583 1073 1611 U0¹11
1085 1582 1135 1622 γὰρ
1154 1581 1228 1610 τοῦτό
1246 1583 1325 1615 ἐστιν,
1341 1580 1448 1608 ἄκουσον
1463 1581 1514 1607 τῶν
1528 1579 1594 1613 {3³5-
1615 1579 1668 1607 Καὶ
1682 1581 1698 1612 ἡ
1713 1591 1771 1608 κοι-

1010 1628 1053 1657 λία
1066 1632 1118 1661 τοῖς
1134 1627 1270 1667 βρώμασι·
1287 1626 1316 1654 τὸ
1330 1626 1357 1655 δὲ
1380 1628 1457 1664 σῶμα
1471 1626 1499 1653 οὗ
1513 1627 1545 1663 τῇ
1557 1624 1665 1665 πορνείᾳ
1675 1647 1682 1660 ,
1701 1625 1769 1654 ἀλλὰ

1010 1677 1047 1714 τῷ
1063 1674 1158 1713 Κυρίῳ.
1186 1673 1238 1702 Καὶ
1253 1672 1305 1711 μὴν
1321 1672 1366 1700 καὶ
1380 1674 1397 1706 ἢ
1409 1671 1495 1700 κοιλία
1505 1694 1511 1706 ,
1526 1673 1612 1709 σῶμα.
1636 1670 1714 1709 Ἀλλόι
1726 1670 1770 1700 δύο

1011 1721 1131 1759 συζυγίας
1148 1720 1239 1755 ἔθηκε,
1253 1721 1285 1747 τὰ
1301 1717 1429 1758 βρώματα
1448 1717 1492 1745 καὶ
1507 1717 1554 1753 τὴν
1568 1717 1771 1757 γασριμαργίαν,

1011 1767 1074 1806 ὅπερ
1088 1765 1188 1795 κοιλίαν
1202 1765 1324 1799 ἐκάλεσε,
1339 1765 1382 1793 τὸν
1396 1764 1508 1803 Χριστὸν
1522 1763 1569 1792 καὶ
1584 1764 1614 1792 τὸ
1628 1765 1714 1801 σῶμα.
1737 1763 1772 1793 Τί

1013 1813 1040 1841 δέ
1064 1814 1119 1842 ἐστι
1130 1834 1137 1848 ‚
1168 1811 1210 1840 Τὰ
1236 1810 1364 1849 βρώματα
1386 1813 1418 1849 τῇ
1438 1809 1542 1850 κοιλία,
1565 1809 1608 1838 Τὰ
1633 1809 1772 1850 βρώματα,

1012 1858 1088 1898 φησὶ,
1101 1858 1165 1896 πρὸς
1176 1857 1223 1892 τὴν
1239 1856 1449 1895 γαστριμαργίαν
1471 1855 1526 1895 ἔχει
1538 1855 1635 1894 φιλίαν,
1649 1855 1694 1884 καὶ
1706 1855 1771 1891 αὕτη

1011 1905 1075 1943 πρὸς
1085 1907 1177 1932 ταῦτα.
1204 1904 1244 1931 Οὐ
1263 1902 1370 1931 δύναται
1385 1897 1428 1929 οὖν
1441 1901 1504 1940 πρὸς
1515 1901 1557 1929 τὸν
1573 1901 1688 1940 Χριστὸν
1703 1904 1772 1940 ἡμᾶς

1011 1951 1091 1989 ἄγειν,
1114 1949 1182 1978 ἀλλὰ
1201 1949 1265 1987 πρὸς
1280 1952 1362 1977 ταῦτα
1383 1946 1464 1976 ἕλκει.
1483 1947 1572 1980 Πάθος
1591 1948 1641 1987 γὰρ
1656 1949 1772 1987 χαλεπὸν

1012 1998 1056 2026 καὶ
1073 1996 1197 2035 θηριῶδές
1208 1996 1273 2030 ἐστι,
1287 1994 1331 2023 καὶ
1350 1994 1454 2027 δούλους
1466 1999 1547 2029 ποιεῖ,
1562 1994 1606 2022 καὶ
1620 1994 1702 2033 ταύτῃ
1713 1995 1772 2023 δια-

1012 2046 1141 2072 κονεῖσθαι
1155 2041 1356 2081 παρασκευάζει.
1372 2040 1407 2069 Τί
1419 2040 1502 2068 τοίνυν
1515 2040 1575 2079 περὶ
1587 2040 1685 2079 τροφὴν
1698 2041 1774 2070 ἐπτό·

1012 2101 1076 2125 ησαι
1090 2089 1134 2117 καὶ
1148 2087 1260 2127 κέχηνας
1270 2110 1278 2123 ,
1303 2088 1440 2126 ἄνθρωπε;
1461 2087 1501 2116 Τὸ
1519 2086 1571 2126 γὰρ
1583 2086 1656 2120 τέλος
1671 2087 1771 2124 ἐκείνης

1012 2138 1058 2170 τῆς
1080 2134 1210 2166 διακονίας
1231 2137 1322 2169 τοῦτο,
1349 2134 1393 2162 καὶ
1417 2132 1495 2162 πλέον
1515 2133 1586 2162 οὐδὲν
1601 2134 1771 2168 ἐπιδείξεται·

1013 2183 1070 2210 ἀλλ’
1085 2180 1173 2220 ὥσπερ
1188 2180 1308 2218 δεσποίνῃ
1324 2180 1374 2207 τινὶ
1388 2179 1573 2217 διακονουμένη
1595 2179 1666 2218 με’νει
1678 2182 1770 2216 διατη-

220 2226 299 2255 nu‘nae
314 2227 570 2263 ministrans‚manet
584 2228 652 2257 hane
666 2230 779 2258 retinens
790 2232 955 2267 servitutem,
966 2250 1001 2268 115
1015 2231 1092 2268 ρῡῧσα
1103 2227 1149 2262 τὴν
1164 2227 1278 2255 &oviam
1291 2226 1398 2262 ταύτην,
1409 2226 1453 2256 καὶ
1464 2227 1491 2255 ῡῦ
1503 2226 1605 2266 πρόεισι
1615 2228 1772 2268 περαιτέρω,

221 2283 305 2311 neque
328 2272 439 2301 ulterius
458 2273 598 2312 procedit;
617 2274 773 2313 nullumque
788 2276 862 2306 aliud
891 2289 958 2317 opus
976 2279 994 2300 Α
1017 2274 1062 2302 καὶ
1076 2273 1146 2303 0ὐδὲν
1163 2273 1236 2313 ἕργον
1254 2273 1339 2312 {tepora
1352 2274 1406 2313 ἔχει
1417 2298 1424 2311 ,
1440 2275 1498 2304 ἀλλ’
1519 2274 1582 2303 αὖτὸ
1594 2277 1670 2303 τοῦτο
1680 2274 1710 2303 τὸ
1720 2275 1774 2312 μά·

221 2320 312 2357 habet,
324 2319 368 2348 sed
381 2319 431 2348 hoe
444 2319 520 2348 inane
529 2320 716 2349 ministerium.
728 2322 762 2350 Et
776 2324 854 2353 ambo
866 2334 958 2356 mutuo

221 2373 411 2394 connectuntur
429 2373 454 2394 ct
472 2366 552 2394 simul
569 2366 769 2403 dissolvuntur,
787 2378 878 2399 venter
897 2383 956 2402 cum

222 2413 301 2448 oseis,
328 2419 353 2440 et
373 2423 438 2441 escae
447 2423 507 2440 cum
518 2419 609 2441 venti-c
618 2435 625 2449 ‚
640 2423 746 2442 cursum
757 2417 899 2453 quemdam
911 2420 958 2457 qui

223 2469 285 2486 ιιιιιιι
293 2469 374 2495 quam
381 2458 472 2486 finitur
483 2458 657 2497 involventes,
668 2470 698 2488 ac
710 2460 732 2488 si
742 2472 755 2488 a
768 2470 892 2501 corrupto
903 2475 957 2493 eor-

255 2561 264 2571 Ξ
283 2554 291 2583 *s
306 2555 332 2577 Α.
343 2558 378 2578 ank
390 2558 432 2587 γάρ
446 2557 556 2581 filhan„
571 2560 675 2587 μάταιον.
691 2559 721 2583 fni
733 2559 790 2589 7712]

1011 2331 1094 2348 ταιον.
1125 2319 1177 2348 Καὶ
1199 2319 1333 2358 ἀμφότερα
1356 2319 1478 2354 ἀλλήλοις
1503 2319 1701 2357 συμπέπλεκται
1729 2322 1774 2351 καὶ

1012 2366 1217 2404 συγκαταλύεται
1228 2388 1236 2401 ,
1251 2368 1268 2401 ἡ
1280 2366 1365 2395 κοιλία
1379 2370 1432 2398 τοῖς
1449 2365 1586 2405 βρώμασι,
1603 2365 1648 2394 καὶ
1661 2365 1694 2394 τὰ
1707 2366 1776 2405 βρώ-

1013 2428 1083 2453 ματα
1096 2417 1128 2454 τῇ
1145 2416 1231 2456 κοιλίᾳ
1242 2440 1249 2453 ,
1265 2418 1357 2456 δρόμον
1371 2417 1429 2447 τινὰ
1445 2417 1567 2452 ἀνήνυτον
1583 2417 1749 2447 ἀνελίττουσα
1762 2431 1767 2436 ·

1011 2468 1045 2499 ὡς
1068 2466 1097 2495 ἆν
1124 2470 1145 2496 εἷ
1168 2468 1219 2497 ἀπὸ
1242 2468 1362 2506 σώματος
1384 2469 1570 2509 διεφθαρμένου
1585 2469 1721 2507 σκώληκες
1737 2470 1773 2498 τέ-
