1865 2871
231 169 277 212 48
573 178 601 201 s.
629 179 767 203 smmis
792 180 972 203 cnmsosr.

269 241 297 269 6.
314 240 408 267 Annon
423 238 513 278 palam
536 246 576 268 est
590 240 633 269 vel
644 241 819 279 stultissimis,
832 240 904 280 quod
919 241 970 270 nisi

229 285 338 313 uberem
353 291 377 313 et
392 295 517 323 magnam
538 286 692 324 consequuti
707 294 791 315 essent
806 287 931 325 gratiam,
945 293 971 315 et

228 331 340 369 pignora
354 330 514 370 accepissent
528 332 738 370 resurrectionis,
753 343 804 361 non
819 332 899 361 niodo
913 333 970 361 hcec

228 386 280 404 non
295 386 372 414 agere
394 383 419 405 et
445 377 587 416 suscipere,
605 377 650 405 sed
674 388 705 406 nc
729 379 846 416 cogitare
861 378 970 417 quidem

228 422 395 461 potuissent-³
408 423 437 452 Si
462 423 532 451 euim
548 430 585 452 tot
601 423 789 463 impedimenta
803 432 899 459 essent,
916 436 969 453 non

227 467 288 496 dico
306 467 340 496 ad
355 474 424 496 recte
437 468 579 507 agendum,
592 469 636 497 sed
652 469 687 498 ad
710 470 928 507 consultandum,
944 477 970 499 ct
987 481 1005 502 Ι)

227 514 411 543 consultaruut
434 521 459 543 et
482 516 610 554 praeclara
631 523 751 555 egerunt,
771 524 796 546 et
823 529 882 556 quae
897 518 969 546 omni

227 572 273 600 spe
285 561 386 599 majora
400 568 474 592 eraut
495 561 531 590 ad
551 562 674 591 effectum
690 562 872 591 deduxerunt:
882 563 968 592 cuivis

226 608 315 647 palam
326 615 363 637 est
377 619 420 637 eos
433 619 484 637 non
496 609 611 638 bumana
627 610 737 647 virtute,
748 610 794 639 sed
805 610 898 640 divina
907 621 968 649 gra-

226 654 262 682 tia
276 654 365 682 omnia
376 655 476 683 secisse.
484 655 515 682 In
526 655 568 683 his
577 666 639 694 ergo
653 656 820 684 sermonibus
835 667 882 685 nos
893 667 966 684 exer-

226 710 341 734 ceamus,
361 710 413 728 non
431 700 504 738 apud
519 710 566 728 nos
580 708 693 737 tantum,
710 701 756 729 sed
770 712 831 729 cum
846 702 906 729 aliis
917 702 969 730 :sic

225 745 302 773 nobis
312 745 415 774 facilior
430 746 480 773 erit
495 753 649 773 caeterorum
661 746 785 775 inventio.
802 747 895 784 Neque
905 747 968 785 quia

225 801 306 819 manu
327 799 410 819 artem
435 802 550 827 exerces,
570 791 688 819 alienum
711 792 762 820 hoc
776 792 898 822 studium
913 804 968 822 esse

224 845 310 877 putes.
327 840 395 867 Nam
410 839 510 867 Paulus
534 839 710 868 tentoriorum
726 840 816 879 opifex
831 848 904 879 erat3
921 841 968 870 sed

224 891 288 913 tunc
305 896 411 923 quoque
426 886 510 913 multa
522 886 618 925 plenus
632 893 686 914 erat
700 887 794 925 gratia,
812 894 892 926 atque
905 888 968 917 inde

225 931 313 958 omnia
329 931 496 969 loquebatur.
513 931 566 960 Sed
580 931 659 959 etiam
674 939 735 960 ante
747 932 859 970 gratiam
874 933 908 961 ad
918 944 967 973 pe-

225 976 271 1005 des
285 976 443 1005 Gamalielis
459 984 514 1005 erat
525 989 530 1004 :
542 984 567 1005 et
581 977 640 1005 ideo
655 978 768 1015 gratiam
784 979 894 1018 accepit,
905 979 967 1017 quia
985 986 1002 1008 E

224 1030 339 1051 mentem
357 1023 441 1061 gratia
460 1023 570 1061 dignam
592 1023 747 1061 exhibebat,
763 1031 787 1052 et
803 1032 891 1063 postca
903 1036 967 1053 rur-

225 1079 271 1096 sus
285 1075 367 1096 artcm
381 1069 532 1097 exercebat.
554 1069 638 1097 Nemo
655 1069 738 1107 igitur
759 1071 855 1098 artifex
870 1071 965 1098 erube-

225 1121 291 1149 scat,
304 1114 349 1142 sed
365 1114 395 1150 ii,
409 1115 455 1152 qui
473 1115 569 1142 frustra
585 1115 695 1142 aluntur
705 1122 729 1143 et
744 1115 820 1143 otiosi
835 1123 906 1150 sunt,
919 1116 966 1154 qui

225 1159 317 1187 multis
330 1166 442 1187 utuntur
454 1159 583 1187 ministris
598 1166 622 1187 et
639 1159 739 1197 ingenti
762 1161 892 1188 famulatu
904 1161 966 1189 sru-

225 1211 317 1233 untur.
336 1205 406 1233 Nam
420 1215 523 1243 semper
544 1204 708 1233 laborantem
724 1205 770 1241 ali,
787 1205 965 1245 philosophiae

225 1260 308 1287 genus
330 1257 382 1277 est:
396 1250 493 1277 horum
518 1250 614 1277 animae
638 1250 759 1289 puriores
783 1258 853 1287 sunt,
868 1251 966 1280 borum

224 1302 325 1323 mentes
350 1295 492 1323 firmiores.
518 1296 586 1323 Nam
611 1296 656 1333 qui
683 1296 783 1324 otiosus
808 1304 856 1334 est,
881 1297 966 1326 multa

224 1340 314 1380 potius
339 1348 435 1369 temere
452 1341 586 1379 loquitur,
606 1348 631 1369 et
646 1342 730 1370 multa
745 1342 843 1370 frustra
858 1344 922 1381 agit,
935 1354 966 1372 ac

224 1387 294 1415 nihil
307 1398 354 1426 per
368 1394 450 1415 totam
465 1387 537 1415 diem
551 1394 686 1426 operatur,
700 1388 783 1416 multo
798 1389 891 1428 plenus
905 1396 964 1418 tor-
979 1399 1003 1418 42

224 1442 302 1471 pore:
320 1432 365 1470 qui
388 1439 475 1460 autem
489 1440 625 1471 operatur,
647 1433 714 1460 nihil
729 1435 894 1472 superfluum
913 1435 966 1464 cito

224 1478 354 1516 percipiet
371 1489 455 1516 neque
467 1477 493 1506 in
509 1478 635 1517 operibus
661 1489 708 1506 nec
722 1479 748 1507 in
768 1479 856 1509 verbis
871 1491 918 1509 nec
940 1481 967 1509 in

226 1530 330 1559 mente;
347 1530 401 1551 tota
415 1524 486 1552 enim
500 1524 589 1552 anima
604 1534 707 1563 semper
720 1524 866 1554 intenditur
878 1526 912 1554 ad
923 1527 968 1555 vi-

224 1576 278 1597 tam
300 1569 470 1598 laboriosam.
495 1570 534 1598 Ne
562 1580 624 1608 ergo
651 1569 829 1609 despiciamus
854 1582 897 1600 eos
920 1573 967 1610 qui

224 1616 316 1643 labore
341 1626 470 1644 manuum
494 1616 620 1652 aluntur,
641 1611 687 1644 sed
710 1617 799 1656 potius
824 1618 887 1647 illos
908 1618 968 1647 ideo

222 1661 315 1690 beatos
327 1661 513 1701 praedicemus.
531 1662 672 1699 Quaenam,
683 1673 782 1700 quaeso,
794 1671 833 1692 est
846 1664 896 1692 u'bi
908 1675 969 1703 gra-

224 1708 271 1744 tia,
285 1719 347 1736 cum
361 1715 468 1747 accepta
483 1719 498 1736 a
512 1716 588 1747 patre
605 1708 770 1747 haereditate,
785 1717 912 1750 perpetuo
927 1712 969 1740 ni-

223 1753 263 1780 hil
279 1753 349 1791 agis,
365 1753 411 1781 sed
426 1754 473 1781 illa
486 1754 576 1782 omnia
591 1755 660 1782 bona
675 1755 772 1783 frustra
783 1755 916 1785 insumis?
927 1759 968 1786 An

223 1799 308 1827 nescis
332 1809 384 1827 non
408 1810 498 1828 omnes
520 1799 641 1828 eamdem
666 1801 794 1830 rationem
818 1802 969 1832 reddituros

223 1855 272 1872 nos
297 1855 367 1881 csse;
383 1845 428 1874 sed
442 1856 486 1873 eos
506 1846 553 1883 qui
576 1846 620 1874 hic
642 1846 669 1874 in
693 1847 788 1885 majori
818 1848 923 1877 licentia
944 1856 969 1878 et

223 1901 315 1918 rerum
343 1891 419 1930 copia
443 1891 588 1928 vixerunt,
613 1892 736 1930 gravius;
754 1903 797 1921 eos
819 1901 906 1922 autem
921 1895 967 1933 qui

223 1935 252 1963 in
268 1936 415 1973 laboribus,
429 1936 456 1964 in
472 1944 631 1976 paupertate
642 1944 666 1965 et
681 1939 806 1967 aerumnis
817 1939 899 1968 vitam
916 1940 967 1969 du-

224 1982 397 2017 xere,mitins
410 1992 465 2009 esse
477 1982 637 2012 tractandos.
654 1983 717 2011 Hzec
730 1991 819 2013 autem
836 1996 869 2013 ex
884 1986 968 2015 Laza-

224 2037 253 2054 ro
265 2033 290 2054 et
303 2027 388 2056 divite
400 2027 538 2056 manifesta
546 2035 616 2058 sunt.
631 2030 673 2058 Tu
686 2037 763 2067 certe,
776 2031 822 2069 qui
831 2031 865 2060 ad
877 2032 967 2061 debita

223 2072 312 2100 officia
335 2073 389 2101 otio
406 2084 458 2101 non
484 2084 510 2101 cs
532 2085 606 2111 usus,
619 2075 680 2113 jure
700 2077 848 2113 accusaris5
866 2088 968 2117 pauper

225 2128 290 2145 vero
310 2118 356 2155 qui
370 2118 503 2156 reliquum
523 2118 649 2158 temporis
664 2120 697 2148 ad
710 2121 800 2150 debita
815 2122 901 2151 officia
914 2123 966 2151 ad-

226 2163 324 2199 hibuit,
334 2163 438 2201 magnis
452 2164 555 2192 fruetur
569 2165 681 2194 coronis.
698 2168 731 2194 At
744 2173 773 2194 tu
785 2168 909 2197 militiam
920 2169 967 2198 ob-

225 2209 321 2245 tendis,
348 2216 373 2237 et
393 2209 465 2247 quod
480 2210 526 2238 illa
543 2210 694 2240 distinearis
708 2213 826 2252 allegas?
839 2215 893 2244 Sed
906 2216 967 2245 talis

225 2255 363 2283 excusatio
379 2265 431 2283 non
443 2261 481 2283 est
495 2256 590 2284 rationi
607 2267 728 2287 consona.
742 2260 809 2288 Nam
830 2261 967 2290 Cornelius

226 2308 281 2329 erat
295 2301 426 2338 centurio,
437 2307 461 2329 et
475 2301 579 2329 balteus
593 2302 655 2331 vitaz=
672 2303 823 2334 institutum
839 2306 907 2335 nihil
922 2307 968 2336 lae-

987 1969 1002 1991 Β

135 2361 214 2381 Com„
226 2345 269 2375 sit.
286 2347 329 2375 Tu
343 2357 406 2375 vero
423 2357 483 2374 cum
506 2346 678 2375 saltatoribus
692 2356 717 2376 et
732 2350 822 2379 mimis
837 2351 885 2380 das
900 2363 967 2392 ope-

73 2392 209 2412 «heau-,rum
228 2402 296 2428 ram,
309 2398 334 2420 et
348 2399 432 2420 totum
443 2392 506 2421 xitae
517 2399 621 2431 tempus
631 2393 658 2421 in
667 2404 744 2423 scena
760 2398 902 2433 consumis,
915 2409 967 2427 non

73 2422 204 2451 spectacula.

225 2437 267 2467 vel
282 2414 385 2466 ri1ilitiae
396 2438 578 2468 necessitatem
590 2439 634 2468 vel
648 2446 749 2469 metum
761 2443 966 2481 magistratuum
984 2449 1002 2472 C

257 2550 266 2560 a
285 2543 359 2573 [μετὰ.
370 2545 475 2574 εὶςχσῖἐκυ
486 2544 514 2566 Α.
523 2550 547 2567 ct
560 2553 638 2576 marg.
649 2545 723 2570 Savil.
737 2546 794 2571 Mox
807 2548 834 2571 Α.
849 2550 973 2582 προΐκ)(”,-]

985 1426 1004 1448 Α
1025 1426 1032 1435 ,

1001 180 1142 205 ARCHIEI‘
1149 197 1156 204 .
1185 182 1310 205 CONSTA
1317 182 1450 206 NTlNOI‘.

1066 244 1125 271 Οὐκ
1144 243 1249 278 εὔδηλον
1272 243 1316 272 καὶ
1334 248 1387 277 τοῖς
1402 243 1500 283 σφόδρα
1514 245 1649 283 ἀνοήτοις,
1663 246 1702 276 ὅτι
1719 248 1789 286 εἰμὴ

1026 289 1149 327 δαψιλοῦς
1163 289 1206 317 καὶ
1220 289 1335 327 μεγάλης
1349 282 1499 319 ἀπέλαυσαν
1512 291 1635 330 χάριτος,
1650 292 1694 320 καὶ
1708 293 1792 332 ἐνέχυ-

1027 346 1058 373 ρα
1072 336 1118 368 ἰ-’ἤς
1133 335 1299 367 ἀναστάσεως
1313 334 1416 368 ἔλαὸον,
1428 337 1456 364 οὐ
1469 336 1545 373 μόνον
1560 337 1657 376 πρᾶξαι
1671 337 1716 366 καὶ
1729 340 1791 367 ε’πι-

1024 382 1167 418 χειρῆσαι,
1191 381 1249 408 ἀλλ’
1276 380 1332 409 οὐδὲ
1350 382 1469 416 ἐννοῆσαι
1491 384 1574 411 ταῦτα
1595 383 1740 418 ἠδύναντος
1757 385 1791 413 Εἰ

1024 425 1075 465 γὰρ
1096 425 1225 454 τοσούτων
1241 426 1320 454 ὄντων
1337 427 1499 464 κωλυμάτων
1518 428 1582 467 πρὸς
1598 429 1627 457 τὸ
1645 428 1791 467 βουλεύσα-

1024 474 1082 500 σθαι
1093 493 1100 506 ,
1116 473 1144 500 οὐ
1159 471 1228 510 λέγω
1239 472 1304 511 πρὸς
1315 472 1344 500 τὸ
1357 475 1537 511 κατορθῶσαι,
1548 474 1593 502 καὶ
1605 474 1791 503 ἐδουλώσαντο

1024 518 1068 546 καὶ
1091 518 1126 550 εἷς
1148 517 1222 556 ἔργον
1244 517 1368 556 ἐξήγαγον
1388 518 1433 547 καὶ
1455 519 1559 556 μείζονα
1581 520 1669 554 πάσης
1687 520 1791 552 ἐλπίδος

1023 563 1158 599 ἐποίησαν,
1173 563 1253 592 παντί
1263 575 1312 592 που
1328 564 1414 599 δῆλον,
1429 564 1468 592 ὅτι
1486 566 1533 593 οὐκ
1548 565 1698 604 ἀνθρωπίνῃ
1716 566 1792 594 δυνά-

1024 621 1083 646 μει,
1110 609 1178 638 ἀλλὰ
1204 609 1259 648 θείᾳ
1279 609 1366 649 χάριτι
1389 610 1476 639 πάντα
1497 611 1655 649 εἰργάζοντο.
1676 611 1791 644 Τούτους

1022 654 1105 683 τοίνυν
1130 654 1190 687 τοὺς
1218 655 1310 693 λόγους
1336 655 1516 694 γυμνάζωμεν,
1546 656 1582 694 μὴ
1607 658 1664 685 καθ’
1686 656 1792 690 ἑαυτοὺς

1023 700 1110 738 μόνον,
1127 700 1196 729 ἀλλὰ
1211 712 1255 729 και
1271 700 1336 738 μετὰ
1356 702 1494 736 ἀλλήλων·
1510 714 1577 731 ουτω
1594 703 1615 731 δ’
1631 701 1661 730 ἂν
1679 704 1791 731 εὐκολω-

1021 758 1049 774 τε
1039 745 1084 784 ἆρα
1098 745 1191 785 γένοιτ’
1209 746 1238 774 ἂν
1251 749 1313 783 ἡμῖν
1323 747 1367 775 καὶ
1379 749 1395 782 ἡ
1408 759 1459 775 των
1471 748 1569 776 λοιπῶν
1584 760 1692 788 ευρεσις.
1704 747 1791 782 Μηδὲ,

1022 804 1060 820 οτι
1077 792 1245 831 χειροτέχνης
1271 795 1308 828 εἰ,
1333 792 1471 831 ἀλλοτριαν
1495 792 1542 827 τὴν
1564 793 1675 831 μελέτην
1690 793 1791 828 ταύτην

1022 841 1086 866 εἰναι
1114 838 1213 875 νόμιζε.
1236 838 1288 867 Καὶ
1303 837 1353 876 γὰρ
1368 839 1472 871 Παῦλος
1489 850 1642 874 σκηνοποιος
1660 842 1703 875 ἠν,
1722 838 1791 868 ἀλλὰ

1021 883 1066 911 καὶ
1081 885 1180 918 πολλῆς
1197 883 1342 918 ἐνεπλήσθη
1358 883 1417 911 τότε
1431 884 1554 923 χάριτος,
1570 884 1647 924 φησὶ,
1671 886 1791 914 κάκεῖθεν

1022 929 1125 957 ἅπαντα
1141 929 1286 968 ἐφθέγγετο.
1300 928 1378 957 Ἀλλὰ
1400 930 1444 958 καὶ
1457 930 1508 969 πρὸ
1526 932 1573 964 τ’ἥς
1589 930 1697 969 χάριτος
1718 929 1791 970 παρὰ

1021 986 1082 1007 τους
1096 975 1177 1007 πόδας
1197 975 1369 1013 Ιαμαλιήλου
1393 971 1438 1010 ἦν·
1463 987 1507 1004 και
1528 975 1575 1010 τὴν
1598 976 1675 1015 χάριν
1697 976 1725 1004 δὲ
1748 976 1791 1006 διὰ

1020 1032 1096 1049 τουτο
1123 1021 1226 1056 εΛαδεν,
1256 1020 1346 1055 ἐπειδὴ
1379 1021 1487 1059 γνώμην
1513 1021 1585 1054 ἀξίαν
1613 1024 1661 1056 τῆς
1683 1022 1792 1062 χάριτος

1020 1066 1138 1099 επεδειξα
1141 1077 1185 1100 το,
1200 1078 1246 1094 και
1261 1066 1327 1103 μετὰ
1340 1069 1422 1094 ταῦτα
1438 1066 1518 1094 πάλιν
1539 1066 1587 1101 τὴν
1605 1067 1700 1106 τέχνην
1713 1080 1791 1106 μετε-

1019 1112 1126 1151 χείριζε.
1135 1112 1236 1146 Μηδεὶς
1244 1111 1328 1140 τοίνυν
1337 1111 1499 1151 αἰσχυνέσθω
1506 1114 1558 1141 τῶν
1565 1112 1613 1148 τὴν
1619 1112 1712 1153 τέχνην
1722 1113 1792 1153 ἐχόν-

1019 1169 1080 1191 των,
1096 1159 1155 1186 ἀλλ’
1173 1159 1196 1186 οἱ
1216 1159 1273 1194 εἰκῇ
1286 1157 1439 1196 τρεφόμενοι
1458 1158 1501 1186 καὶ
1517 1160 1655 1198 ἀργοῦντες
1665 1181 1672 1194 ,
1692 1160 1716 1188 οἷ
1731 1160 1791 1188 δια-

1019 1202 1104 1235 κόνοις
1117 1202 1276 1242 κεχρημένοι
1288 1203 1393 1235 πολλοῖς
1405 1203 1449 1232 καὶ
1462 1203 1559 1242 ἀφάτου
1573 1204 1739 1243 θεραπείας’
1724 1216 1791 1233 απο-

1020 1246 1150 1278 λαυοντες
1172 1246 1211 1274 Τὸ
1225 1245 1275 1285 γὰρ
1289 1247 1428 1279 διαπαντὸς
1447 1247 1618 1286 ἐργαζόμενον
1630 1248 1770 1288 τρέφεσθαι
1780 1270 1788 1284 ,

1021 1290 1174 1329 φιλοσοφίας
1188 1286 1253 1322 εἶδός
1270 1292 1339 1319 ἐστι·
1349 1290 1447 1319 τούτων
1459 1292 1486 1319 αἱ
1500 1291 1584 1331 ψυχαι
1598 1291 1790 1331 καθαρώτεραι,
1801 1312 1809 1320 .

1020 1333 1119 1362 τούτων
1133 1336 1159 1362 αἱ
1174 1333 1285 1362 διάνοιαι
1298 1333 1475 1374 εὐτονωτεραι.
1491 1334 1524 1364 ‘O
1540 1335 1590 1374 γὰρ
1604 1337 1690 1375 ἀργων
1704 1335 1791 1365 πολλὰ

1023 1381 1079 1417 εἰκῇ
1096 1380 1194 1417 μᾶλλον
1207 1379 1360 1418 φθέγγεται,
1377 1380 1421 1408 καὶ
1433 1379 1518 1409 πολλὰ
1530 1382 1588 1420 εἰκῇ
1603 1381 1731 1420 πράσσει,
1745 1381 1791 1411 καὶ

1021 1425 1157 1464 εργάζεται
1183 1425 1216 1453 δι’
1242 1424 1303 1459 ὅλης
1329 1427 1354 1462 ἡι
1371 1425 1431 1463 έρας
1457 1425 1538 1462 οὐδὲν,
1567 1428 1667 1461 πολλῆς
1693 1427 1791 1466 νάρκης

1020 1469 1240 1508 ἐμπεπλησμένος
1251 1482 1257 1487 ·
1271 1473 1285 1499 ὁ
1298 1470 1324 1498 δὲ
1341 1472 1367 1499 ἐν
1379 1471 1489 1511 ἐργασίᾳ
1501 1472 1537 1501 ὢν
1549 1472 1620 1501 οὐδὲν
1632 1472 1734 1512 ταχέως
1746 1485 1791 1502 πε-

1023 1517 1107 1554 ριπὸν
1119 1516 1293 1555 παραδέξεται
1306 1516 1363 1544 οὔτε
1376 1518 1401 1545 ἐν
1415 1516 1499 1555 ἔργοις
1513 1517 1571 1546 οὔτε
1589 1519 1615 1546 ἔν
1629 1517 1715 1556 λόγοις
1731 1518 1791 1547 οὔτε

1022 1562 1048 1589 ἐν
1060 1561 1185 1593 ἐννοίαις·
1200 1561 1248 1596 δ’λη
1260 1561 1310 1600 γὰρ
1325 1562 1411 1590 διόλου
1432 1562 1584 1591 συντέταται
1598 1563 1662 1601 ’,πρὸς
1672 1563 1716 1592 τὸν
1731 1563 1790 1592 ἐπί-

1022 1616 1099 1633 πονον
1112 1605 1165 1643 βίον
1179 1607 1195 1639 ἦ
1208 1605 1290 1643 ψυχή.
1305 1605 1350 1640 Μὴ
1364 1605 1448 1634 τοίνυν
1461 1608 1664 1645 καταφρονῶμεν
1674 1609 1726 1635 τῶν
1739 1607 1792 1636 ἀπὸ

1022 1660 1073 1676 των
1088 1650 1183 1688 χειρῶν
1186 1649 1370 1702 τρεφομένων,
1381 1648 1448 1677 ἀλλὰ
1462 1649 1507 1678 καὶ
1520 1651 1618 1687 μᾶλλον
1634 1649 1726 1683 αὐτους
1740 1662 1790 1688 μα-

1022 1690 1197 1729 καρίζωμεν
1183 1691 1225 1719 οιὰ
1239 1695 1322 1720 τοῦτο
1337 1692 1405 1720 Ποία
1420 1692 1470 1732 γάρ
1487 1704 1527 1721 σοι
1539 1695 1617 1732 χάρις
1627 1716 1634 1729 ,
1657 1694 1715 1723 εἶπέ
1729 1706 1789 1732 μοι,

1022 1747 1084 1763 οταν
1097 1747 1140 1763 τον
1155 1736 1251 1775 κλῆρον
1273 1735 1346 1774 παρὰ
1364 1738 1408 1764 τοῦ
1423 1736 1520 1776 πατρὸς
1541 1734 1582 1765 δεζ
1571 1737 1693 1776 άμενος,
1708 1738 1789 1775 μηδεν

1022 1779 1146 1816 πράττων
1169 1779 1304 1818 διατελῇς,
1335 1779 1402 1808 ἀλλὰ
1429 1779 1565 1819 ἅναλώσ-ης
1592 1781 1678 1810 πάντα
1703 1784 1789 1811 ἐκεῖνα

1023 1823 1096 1861 εἷκῇ;
1110 1825 1170 1852 Οὐκ
1184 1819 1269 1858 οἶδας,
1290 1824 1330 1852 ὅτι
1351 1824 1379 1852 οὗ
1393 1823 1487 1856 πάντες
1502 1824 1545 1852 τὸν
1561 1825 1636 1853 αὐτὸν
1653 1826 1790 1855 ἀποδώσο-

1023 1881 1069 1906 μεν
1079 1869 1165 1907 λόγον,
1181 1870 1238 1897 ἀλλ’
1251 1871 1274 1898 οἱ
1288 1869 1333 1907 μὲν
1348 1869 1465 1902 πλείονος
1477 1872 1585 1899 ἐνταῦθα
1595 1872 1790 1905 ἀπολαύσαντες

1023 1913 1127 1947 ἀδείας,
1143 1913 1337 1953 χαλεπώτερον,
1361 1915 1383 1942 οἱ
1407 1913 1433 1943 δὲ
1454 1914 1616 1947 κακωθέντες
1636 1914 1653 1950 ἢ
1671 1916 1759 1950 πόνοις
1771 1917 1789 1952 ἢ

1022 1956 1098 1996 πενίᾳ
1112 1956 1128 1992 ἢ
1146 1957 1226 1997 ἑτέρῳ
1241 1958 1291 1986 τινὶ
1306 1956 1414 1996 τοιούτῳ
1425 1981 1432 1994 ,
1446 1957 1626 1997 ἧμερώτερον;
1642 1959 1694 1988 Καὶ
1705 1963 1790 1989 ταῦτα

1021 2000 1127 2030 ἀπὸτοῦ
1143 2002 1265 2040 Λαζάρου
1281 2002 1325 2030 καὶ
1338 2005 1382 2030 τοῦ
1397 2001 1518 2030 πλουσίου
1534 2003 1608 2036 δῆλα.
1627 2002 1666 2031 Σὺ
1678 2003 1724 2042 μὲν
1737 2004 1788 2043 γὰρ

1021 2046 1057 2077 εἷς
1069 2045 1139 2074 οὐδὲν
1156 2045 1212 2074 δέον
1230 2047 1263 2084 τῇ
1279 2047 1362 2099 σχρλῇ
1374 2045 1540 2084 χρησάμενος
1553 2045 1658 2079 εἰκότως
1673 2049 1787 2087 ἐγκαλῇ,

1022 2089 1063 2117 ὁ
1049 2089 1075 2117 οὲ
1092 2089 1171 2125 πέντς
1184 2089 1228 2118 καὶ
1242 2089 1326 2127 ἃμετὰ
1339 2089 1464 2128 ἀσχολίας
1475 2102 1522 2118 τοι
1518 2089 1656 2119 Ιῧπόλοιπον
1667 2095 1712 2120 τοῦ
1725 2103 1787 2120 και-

1023 2136 1066 2171 ροῧ
1089 2145 1123 2165 εις
1144 2133 1177 2162 τα
1200 2134 1228 2162 δέ
1216 2146 1290 2162 ςοντα
1310 2133 1461 2167 ἀναλώσας,
1479 2133 1598 2185 μεγάλων
1612 2134 1787 2164 ἀπολαύσεται

1020 2188 1072 2205 των
1096 2177 1237 2216 στεφάνων.
1253 2177 1332 2205 Ἀλλὰ
1354 2189 1398 2205 και
1420 2177 1557 2215 στρατείαν
1584 2189 1628 2215 μοι
1649 2178 1786 2218 προὸάλλῃ

1021 2220 1135 2255 πάντως,
1155 2221 1200 2249 καὶ
1220 2233 1266 2255 της
1284 2221 1409 2259 ἀσχολιας
1424 2221 1504 2255 αὐτὴν
1518 2221 1641 2260 αἰτιάσῃ·
1635 2244 1642 2258 ,
1658 2222 1727 2251 ”Αλλ
1743 2224 1788 2251 οὐκ

1022 2263 1051 2292 ἂν
1063 2265 1118 2303 ἔχοι
1132 2264 1208 2302 λόγον
1223 2267 1238 2299 ἡ
1241 2266 1357 2319 σκῆζμις.
1370 2265 1423 2293 Και
1437 2267 1487 2305 γὰρ
1498 2268 1510 2293 ὁ
1523 2265 1689 2304 Κορνήλιος’
1679 2278 1786 2295 εκατον-

1020 2307 1121 2346 τάρχης
1142 2311 1184 2344 ἠν,
1205 2320 1251 2337 και
1264 2309 1335 2337 ουοὲν
1349 2311 1365 2343 ἦ
1382 2308 1449 2344 ζώνη
1466 2308 1513 2344 τὴν
1534 2309 1632 2348 ἀκριίῗη
1653 2310 1786 2339 πολιτείαν

1020 2363 1087 2390 παρε
1077 2351 1182 2390 'Qu-,as
1199 2351 1268 2380 Συ
1255 2352 1280 2380 οὲ
1295 2364 1355 2380 οταν
1373 2352 1513 2390 ὀρχησταῖς
1526 2352 1570 2380 καὶ
1587 2352 1677 2390 μίμοις
1691 2354 1787 2407 σχολά-

1021 2399 1083 2435 ζῃς,
1102 2410 1147 2426 και
1170 2399 1311 2431 διαπαντος
1331 2399 1374 2427 ἐπὶ
1398 2411 1444 2433 της
1465 2401 1562 2435 σκηνῆς
1577 2401 1719 2439 ἀναὶίσκῃς
1742 2402 1785 2430 τὸν

1023 2446 1087 2483 βίον,
1111 2447 1225 2485 οὐδαμοῦ
1247 2448 1275 2476 οὐ
1299 2446 1436 2486 στρατείας
1452 2447 1578 2485 ἀνάγκην,
1592 2448 1638 2476 οὐκ
1653 2447 1785 2487 ἀρχόντων
