<?xml version="1.0" encoding="UTF-8"?>
<!DOCTYPE html PUBLIC "-//W3C//DTD XHTML 1.0 Transitional//EN"
    "http://www.w3.org/TR/xhtml1/DTD/xhtml1-transitional.dtd">
<html xmlns="http://www.w3.org/1999/xhtml" xml:lang="en" lang="en">
 <head>
  <title>
</title>
<meta http-equiv="Content-Type" content="text/html;charset=utf-8" />
  <meta name='ocr-system' content='tesseract 3.04.00' />
  <meta name='ocr-capabilities' content='ocr_page ocr_carea ocr_par ocr_line ocrx_word'/>
</head>
<body>
  <div class='ocr_page' id='page_1' title='image "./operaomniaquaeex10johnuoft/operaomniaquaeex10johnuoft_0347.png"; bbox 0 0 1891 2866; ppageno 0'>
   <div class='ocr_carea' id='block_1_1' title="bbox 520 175 740 199">
    <p class='ocr_par' dir='ltr' id='par_1_1' title="bbox 520 175 740 199">
     <span class='ocr_line' id='line_1_1' title="bbox 520 175 740 199; baseline -0.014 0"><span class='ocrx_word' id='word_1_1' title='bbox 520 177 551 199; x_wconf 73' lang='lat' dir='ltr'>[N</span> <span class='ocrx_word' id='word_1_2' title='bbox 581 175 686 198; x_wconf 78' lang='lat' dir='ltr'>EPtST.</span> <span class='ocrx_word' id='word_1_3' title='bbox 716 175 740 197; x_wconf 85' lang='lat'>1.</span> 
     </span>
    </p>
   </div>
   <div class='ocr_carea' id='block_1_2' title="bbox 72 234 855 2128">
    <p class='ocr_par' dir='ltr' id='par_1_2' title="bbox 72 234 855 2128">
     <span class='ocr_line' id='line_1_2' title="bbox 74 234 839 291; baseline -0.007 -22"><span class='ocrx_word' id='word_1_4' title='bbox 74 252 125 279; x_wconf 75' lang='grc' dir='ltr'>ρων</span> <span class='ocrx_word' id='word_1_5' title='bbox 139 239 329 279; x_wconf 67' lang='grc' dir='ltr'>κακοπραγίαν,</span> <span class='ocrx_word' id='word_1_6' title='bbox 346 241 374 268; x_wconf 80' lang='grc' dir='ltr'>οὗ</span> <span class='ocrx_word' id='word_1_7' title='bbox 388 239 434 274; x_wconf 58' lang='grc' dir='ltr'>τὶν</span> <span class='ocrx_word' id='word_1_8' title='bbox 458 237 555 267; x_wconf 75' lang='grc' dir='ltr'>οἰκείαν</span> <span class='ocrx_word' id='word_1_9' title='bbox 582 236 732 291; x_wconf 79' lang='grc' dir='ltr'>εὐημερίαν,</span> <span class='ocrx_word' id='word_1_10' title='bbox 755 234 839 266; x_wconf 75' lang='grc' dir='ltr'>κοινός</span> 
     </span>
     <span class='ocr_line' id='line_1_3' title="bbox 74 281 839 326; baseline -0.009 -11"><span class='ocrx_word' id='word_1_11' title='bbox 74 299 113 319; x_wconf 76' lang='grc' dir='ltr'>τις</span> <span class='ocrx_word' id='word_1_12' title='bbox 125 286 215 326; x_wconf 80' lang='grc' dir='ltr'>ἐχθρὸς</span> <span class='ocrx_word' id='word_1_13' title='bbox 225 298 272 321; x_wconf 81' lang='grc' dir='ltr'>της</span> <span class='ocrx_word' id='word_1_14' title='bbox 285 288 337 314; x_wconf 82' lang='grc' dir='ltr'>τῶν</span> <span class='ocrx_word' id='word_1_15' title='bbox 350 284 493 325; x_wconf 80' lang='grc' dir='ltr'>ἀνθρώπων</span> <span class='ocrx_word' id='word_1_16' title='bbox 511 282 667 324; x_wconf 77' lang='grc' dir='ltr'>περιερχόμε</span> <span class='ocrx_word' id='word_1_17' title='bbox 660 294 710 314; x_wconf 85' lang='grc' dir='ltr'>,νος</span> <span class='ocrx_word' id='word_1_18' title='bbox 723 281 822 321; x_wconf 68' lang='grc' dir='ltr'>φύσεως</span> <span class='ocrx_word' id='word_1_19' title='bbox 813 303 839 316; x_wconf 83' lang='lat'>,</span> 
     </span>
     <span class='ocr_line' id='line_1_4' title="bbox 73 328 839 371; baseline -0.009 -9"><span class='ocrx_word' id='word_1_20' title='bbox 73 334 162 362; x_wconf 76' lang='grc' dir='ltr'>καὶτὰ</span> <span class='ocrx_word' id='word_1_21' title='bbox 174 336 219 361; x_wconf 74' lang='grc' dir='ltr'>τοῦ</span> <span class='ocrx_word' id='word_1_22' title='bbox 232 334 362 371; x_wconf 76' lang='grc' dir='ltr'>Χριστοῦ</span> <span class='ocrx_word' id='word_1_23' title='bbox 359 344 390 360; x_wconf 87' lang='grc' dir='ltr'>υ.ε</span> <span class='ocrx_word' id='word_1_24' title='bbox 385 331 425 366; x_wconf 87' lang='grc' dir='ltr'>’λη</span> <span class='ocrx_word' id='word_1_25' title='bbox 437 330 550 366; x_wconf 79' lang='grc' dir='ltr'>τύπτων,</span> <span class='ocrx_word' id='word_1_26' title='bbox 563 332 591 358; x_wconf 74' lang='grc' dir='ltr'>οὓ</span> <span class='ocrx_word' id='word_1_27' title='bbox 603 330 627 357; x_wconf 87' lang='grc' dir='ltr'>τί</span> <span class='ocrx_word' id='word_1_28' title='bbox 639 329 732 367; x_wconf 80' lang='grc' dir='ltr'>γένοιτ</span> <span class='ocrx_word' id='word_1_29' title='bbox 746 328 776 356; x_wconf 81' lang='grc' dir='ltr'>ἂν</span> <span class='ocrx_word' id='word_1_30' title='bbox 788 339 839 364; x_wconf 79' lang='grc' dir='ltr'>μα-</span> 
     </span>
     <span class='ocr_line' id='line_1_5' title="bbox 74 373 837 418; baseline -0.008 -11"><span class='ocrx_word' id='word_1_31' title='bbox 74 379 228 418; x_wconf 82' lang='grc' dir='ltr'>νικώτερον;</span> <span class='ocrx_word' id='word_1_32' title='bbox 244 379 277 407; x_wconf 83' lang='lat' dir='ltr'>‘O</span> <span class='ocrx_word' id='word_1_33' title='bbox 299 378 400 416; x_wconf 80' lang='grc' dir='ltr'>δαίμων</span> <span class='ocrx_word' id='word_1_34' title='bbox 416 380 503 416; x_wconf 65' lang='grc' dir='ltr'>φθονεῖ</span> <span class='ocrx_word' id='word_1_35' title='bbox 519 376 576 414; x_wconf 80' lang='grc' dir='ltr'>μὲν,</span> <span class='ocrx_word' id='word_1_36' title='bbox 595 376 652 404; x_wconf 80' lang='grc' dir='ltr'>ἀλλ</span> <span class='ocrx_word' id='word_1_37' title='bbox 672 373 817 413; x_wconf 82' lang='grc' dir='ltr'>ἀνθρώποις</span> <span class='ocrx_word' id='word_1_38' title='bbox 829 395 837 409; x_wconf 85' lang='grc'>,</span> 
     </span>
     <span class='ocr_line' id='line_1_6' title="bbox 75 419 840 463; baseline -0.009 -10"><span class='ocrx_word' id='word_1_39' title='bbox 75 425 178 463; x_wconf 75' lang='grc' dir='ltr'>δαίμονι</span> <span class='ocrx_word' id='word_1_40' title='bbox 198 424 224 453; x_wconf 80' lang='grc' dir='ltr'>δὲ</span> <span class='ocrx_word' id='word_1_41' title='bbox 245 423 342 453; x_wconf 77' lang='grc' dir='ltr'>οὐδενί·</span> <span class='ocrx_word' id='word_1_42' title='bbox 362 423 392 453; x_wconf 77' lang='grc' dir='ltr'>σὺ</span> <span class='ocrx_word' id='word_1_43' title='bbox 416 423 443 452; x_wconf 73' lang='grc' dir='ltr'>δὲ</span> <span class='ocrx_word' id='word_1_44' title='bbox 466 423 602 462; x_wconf 81' lang='grc' dir='ltr'>ἄνθρωπος</span> <span class='ocrx_word' id='word_1_45' title='bbox 625 421 670 457; x_wconf 78' lang='grc' dir='ltr'>ὢν,</span> <span class='ocrx_word' id='word_1_46' title='bbox 694 419 840 458; x_wconf 78' lang='grc' dir='ltr'>ἀνθρώποις</span> 
     </span>
     <span class='ocr_line' id='line_1_7' title="bbox 74 465 839 510; baseline -0.009 -10"><span class='ocrx_word' id='word_1_47' title='bbox 74 474 187 509; x_wconf 76' lang='grc' dir='ltr'>φθονεῖς,</span> <span class='ocrx_word' id='word_1_48' title='bbox 206 470 250 499; x_wconf 87' lang='grc' dir='ltr'>καὶ</span> <span class='ocrx_word' id='word_1_49' title='bbox 264 471 328 510; x_wconf 77' lang='grc' dir='ltr'>πρὸς</span> <span class='ocrx_word' id='word_1_50' title='bbox 342 470 371 499; x_wconf 80' lang='grc' dir='ltr'>τὸ</span> <span class='ocrx_word' id='word_1_51' title='bbox 383 470 512 509; x_wconf 74' lang='grc' dir='ltr'>ὁμόφυλον</span> <span class='ocrx_word' id='word_1_52' title='bbox 526 469 631 498; x_wconf 76' lang='grc' dir='ltr'>ἵστασαι</span> <span class='ocrx_word' id='word_1_53' title='bbox 646 467 689 496; x_wconf 81' lang='grc' dir='ltr'>καὶ</span> <span class='ocrx_word' id='word_1_54' title='bbox 701 465 823 504; x_wconf 72' lang='grc' dir='ltr'>ὁμογενὲς</span> <span class='ocrx_word' id='word_1_55' title='bbox 832 487 839 500; x_wconf 94' lang='grc'><strong>,</strong></span> 
     </span>
     <span class='ocr_line' id='line_1_8' title="bbox 73 511 839 556; baseline -0.009 -10"><span class='ocrx_word' id='word_1_56' title='bbox 73 517 137 556; x_wconf 70' lang='grc' dir='ltr'>ὅπερ</span> <span class='ocrx_word' id='word_1_57' title='bbox 151 517 207 546; x_wconf 77' lang='grc' dir='ltr'>οὐδὲ</span> <span class='ocrx_word' id='word_1_58' title='bbox 222 519 236 545; x_wconf 98' lang='lat'>6</span> <span class='ocrx_word' id='word_1_59' title='bbox 253 517 352 555; x_wconf 77' lang='grc' dir='ltr'>δαίμων</span> <span class='ocrx_word' id='word_1_60' title='bbox 366 522 446 546; x_wconf 82' lang='grc' dir='ltr'>ποιεῖ.</span> <span class='ocrx_word' id='word_1_61' title='bbox 471 516 523 545; x_wconf 72' lang='grc' dir='ltr'>Καὶ</span> <span class='ocrx_word' id='word_1_62' title='bbox 537 515 614 547; x_wconf 88' lang='grc' dir='ltr'>ποίας</span> <span class='ocrx_word' id='word_1_63' title='bbox 627 513 703 552; x_wconf 80' lang='grc' dir='ltr'>τεύξῃ</span> <span class='ocrx_word' id='word_1_64' title='bbox 719 511 839 551; x_wconf 83' lang='grc' dir='ltr'>συγγνώ-</span> 
     </span>
     <span class='ocr_line' id='line_1_9' title="bbox 75 560 840 602; baseline 0.004 -12"><span class='ocrx_word' id='word_1_65' title='bbox 75 575 138 601; x_wconf 82' lang='grc' dir='ltr'>μης,</span> <span class='ocrx_word' id='word_1_66' title='bbox 153 563 229 595; x_wconf 84' lang='grc' dir='ltr'>ποίας</span> <span class='ocrx_word' id='word_1_67' title='bbox 243 563 269 592; x_wconf 77' lang='grc' dir='ltr'>δὲ</span> <span class='ocrx_word' id='word_1_68' title='bbox 285 563 441 602; x_wconf 74' lang='grc' dir='ltr'>ἀπολογίας,</span> <span class='ocrx_word' id='word_1_69' title='bbox 456 564 517 591; x_wconf 81' lang='grc' dir='ltr'>ὃταν</span> <span class='ocrx_word' id='word_1_70' title='bbox 541 562 598 600; x_wconf 66' lang='grc' dir='ltr'>ἴδῃς</span> <span class='ocrx_word' id='word_1_71' title='bbox 614 560 722 598; x_wconf 58' lang='grc' dir='ltr'>ἀδελφὸν</span> <span class='ocrx_word' id='word_1_72' title='bbox 744 560 840 596; x_wconf 51' lang='grc' dir='ltr'>Εὐήμε-</span> 
     </span>
     <span class='ocr_line' id='line_1_10' title="bbox 75 604 841 649; baseline -0.007 -12"><span class='ocrx_word' id='word_1_73' title='bbox 75 613 167 648; x_wconf 80' lang='grc' dir='ltr'>ροῦντα</span> <span class='ocrx_word' id='word_1_74' title='bbox 186 609 290 649; x_wconf 78' lang='grc' dir='ltr'>τρέμων</span> <span class='ocrx_word' id='word_1_75' title='bbox 314 609 358 637; x_wconf 90' lang='grc' dir='ltr'>καὶ</span> <span class='ocrx_word' id='word_1_76' title='bbox 374 611 489 649; x_wconf 75' lang='grc' dir='ltr'>ὠχριῶν,</span> <span class='ocrx_word' id='word_1_77' title='bbox 509 609 698 647; x_wconf 64' lang='grc' dir='ltr'>στεφανοῦσθαι</span> <span class='ocrx_word' id='word_1_78' title='bbox 719 605 775 634; x_wconf 78' lang='grc' dir='ltr'>δέον</span> <span class='ocrx_word' id='word_1_79' title='bbox 797 604 841 633; x_wconf 82' lang='grc' dir='ltr'>καὶ</span> 
     </span>
     <span class='ocr_line' id='line_1_11' title="bbox 72 651 840 694; baseline -0.008 -10"><span class='ocrx_word' id='word_1_80' title='bbox 72 655 176 694; x_wconf 75' lang='grc' dir='ltr'>χαίρειν</span> <span class='ocrx_word' id='word_1_81' title='bbox 190 655 234 684; x_wconf 78' lang='grc' dir='ltr'>καὶ</span> <span class='ocrx_word' id='word_1_82' title='bbox 249 656 422 694; x_wconf 75' lang='grc' dir='ltr'>ἀγάλλεσθαι;</span> <span class='ocrx_word' id='word_1_83' title='bbox 438 656 470 684; x_wconf 77' lang='grc' dir='ltr'>Εἰ</span> <span class='ocrx_word' id='word_1_84' title='bbox 483 654 510 683; x_wconf 75' lang='grc' dir='ltr'>δὲ</span> <span class='ocrx_word' id='word_1_85' title='bbox 522 654 566 682; x_wconf 78' lang='grc' dir='ltr'>καὶ</span> <span class='ocrx_word' id='word_1_86' title='bbox 581 654 674 689; x_wconf 80' lang='grc' dir='ltr'>ζηλοῦν</span> <span class='ocrx_word' id='word_1_87' title='bbox 689 651 797 686; x_wconf 77' lang='grc' dir='ltr'>ἐθέλεις,</span> <span class='ocrx_word' id='word_1_88' title='bbox 811 651 840 679; x_wconf 83' lang='grc' dir='ltr'>οὗ</span> 
     </span>
     <span class='ocr_line' id='line_1_12' title="bbox 73 697 841 738; baseline -0.007 -8"><span class='ocrx_word' id='word_1_89' title='bbox 73 701 166 731; x_wconf 69' lang='grc' dir='ltr'>κωλύω</span> <span class='ocrx_word' id='word_1_90' title='bbox 177 713 182 719; x_wconf 91' lang='grc'><em>·</em></span> <span class='ocrx_word' id='word_1_91' title='bbox 198 702 323 738; x_wconf 77' lang='grc' dir='ltr'>ζήλωσον,</span> <span class='ocrx_word' id='word_1_92' title='bbox 338 702 395 730; x_wconf 80' lang='grc' dir='ltr'>ἀλλ’</span> <span class='ocrx_word' id='word_1_93' title='bbox 408 700 451 729; x_wconf 79' lang='grc' dir='ltr'>ἵνα</span> <span class='ocrx_word' id='word_1_94' title='bbox 466 702 524 730; x_wconf 85' lang='grc' dir='ltr'>κατ’</span> <span class='ocrx_word' id='word_1_95' title='bbox 541 701 637 728; x_wconf 79' lang='grc' dir='ltr'>ἐκεῖνον</span> <span class='ocrx_word' id='word_1_96' title='bbox 651 698 714 738; x_wconf 75' lang='grc' dir='ltr'>γένῃ</span> <span class='ocrx_word' id='word_1_97' title='bbox 733 698 776 727; x_wconf 73' lang='grc' dir='ltr'>τὸν</span> <span class='ocrx_word' id='word_1_98' title='bbox 800 697 841 725; x_wconf 78' lang='grc' dir='ltr'>εὖ·</span> 
     </span>
     <span class='ocr_line' id='line_1_13' title="bbox 74 744 841 786; baseline -0.005 -10"><span class='ocrx_word' id='word_1_99' title='bbox 74 749 243 786; x_wconf 73' lang='grc' dir='ltr'>ὃοκιμοῦντα·</span> <span class='ocrx_word' id='word_1_100' title='bbox 267 748 304 785; x_wconf 75' lang='grc' dir='ltr'>μὴ</span> <span class='ocrx_word' id='word_1_101' title='bbox 325 747 368 776; x_wconf 71' lang='grc' dir='ltr'>ἵνα</span> <span class='ocrx_word' id='word_1_102' title='bbox 391 748 468 777; x_wconf 86' lang='grc' dir='ltr'>αὐτὸν</span> <span class='ocrx_word' id='word_1_103' title='bbox 495 746 677 785; x_wconf 66' lang='grc' dir='ltr'>καταέιῧάσ-ῃς</span> <span class='ocrx_word' id='word_1_104' title='bbox 688 768 695 780; x_wconf 84' lang='grc'><strong>,</strong></span> <span class='ocrx_word' id='word_1_105' title='bbox 717 746 775 774; x_wconf 84' lang='grc' dir='ltr'>ἀλλ’</span> <span class='ocrx_word' id='word_1_106' title='bbox 798 744 841 772; x_wconf 75' lang='grc' dir='ltr'>ἵνα</span> 
     </span>
     <span class='ocr_line' id='line_1_14' title="bbox 72 791 841 834; baseline -0.005 -12"><span class='ocrx_word' id='word_1_107' title='bbox 72 794 137 833; x_wconf 77' lang='grc' dir='ltr'>πρὸς</span> <span class='ocrx_word' id='word_1_108' title='bbox 156 793 204 828; x_wconf 77' lang='grc' dir='ltr'>τὴν</span> <span class='ocrx_word' id='word_1_109' title='bbox 219 794 298 829; x_wconf 81' lang='grc' dir='ltr'>αὐτὴν</span> <span class='ocrx_word' id='word_1_110' title='bbox 312 794 411 833; x_wconf 66' lang='grc' dir='ltr'>φθάσης</span> <span class='ocrx_word' id='word_1_111' title='bbox 425 793 550 834; x_wconf 72' lang='grc' dir='ltr'>κορυφὴν,</span> <span class='ocrx_word' id='word_1_112' title='bbox 563 793 606 821; x_wconf 84' lang='grc' dir='ltr'>ἵνα</span> <span class='ocrx_word' id='word_1_113' title='bbox 618 792 666 826; x_wconf 75' lang='grc' dir='ltr'>τὴν</span> <span class='ocrx_word' id='word_1_114' title='bbox 682 791 762 827; x_wconf 78' lang='grc' dir='ltr'>αὐτὴν</span> <span class='ocrx_word' id='word_1_115' title='bbox 780 792 841 829; x_wconf 80' lang='grc' dir='ltr'>ἀρε-</span> 
     </span>
     <span class='ocr_line' id='line_1_15' title="bbox 74 836 840 878; baseline -0.004 -10"><span class='ocrx_word' id='word_1_116' title='bbox 74 840 121 875; x_wconf 74' lang='grc' dir='ltr'>τὴν</span> <span class='ocrx_word' id='word_1_117' title='bbox 136 840 259 878; x_wconf 70' lang='grc' dir='ltr'>ἐπιδείξῃ.</span> <span class='ocrx_word' id='word_1_118' title='bbox 271 841 356 869; x_wconf 81' lang='grc' dir='ltr'>Τοῦτο</span> <span class='ocrx_word' id='word_1_119' title='bbox 367 841 441 875; x_wconf 76' lang='grc' dir='ltr'>ζῆλος</span> <span class='ocrx_word' id='word_1_120' title='bbox 452 840 543 873; x_wconf 83' lang='grc' dir='ltr'>καλος,</span> <span class='ocrx_word' id='word_1_121' title='bbox 557 839 587 868; x_wconf 82' lang='grc' dir='ltr'>τὸ</span> <span class='ocrx_word' id='word_1_122' title='bbox 599 841 736 877; x_wconf 83' lang='grc' dir='ltr'>μιμεῖσθαι</span> <span class='ocrx_word' id='word_1_123' title='bbox 747 849 791 866; x_wconf 90' lang='grc' dir='ltr'>και</span> <span class='ocrx_word' id='word_1_124' title='bbox 805 836 840 875; x_wconf 64' lang='grc' dir='ltr'>μὴ</span> 
     </span>
     <span class='ocr_line' id='line_1_16' title="bbox 74 883 842 943; baseline -0.004 -29"><span class='ocrx_word' id='word_1_125' title='bbox 74 887 208 924; x_wconf 78' lang='grc' dir='ltr'>πολεμεῖν,</span> <span class='ocrx_word' id='word_1_126' title='bbox 221 898 251 915; x_wconf 86' lang='grc' dir='ltr'>το</span> <span class='ocrx_word' id='word_1_127' title='bbox 263 887 299 943; x_wconf 75' lang='grc' dir='ltr'>μὴ</span> <span class='ocrx_word' id='word_1_128' title='bbox 314 887 425 924; x_wconf 81' lang='grc' dir='ltr'>ἀλγείν’</span> <span class='ocrx_word' id='word_1_129' title='bbox 414 886 457 915; x_wconf 81' lang='grc' dir='ltr'>επὶ</span> <span class='ocrx_word' id='word_1_130' title='bbox 467 887 542 919; x_wconf 78' lang='grc' dir='ltr'>τοῐςὲ</span> <span class='ocrx_word' id='word_1_131' title='bbox 531 898 571 915; x_wconf 80' lang='lat'>..7</span> <span class='ocrx_word' id='word_1_132' title='bbox 562 885 626 924; x_wconf 83' lang='grc' dir='ltr'>’ρων</span> <span class='ocrx_word' id='word_1_133' title='bbox 641 887 762 924; x_wconf 76' lang='grc' dir='ltr'>ἀγαθοῖς,</span> <span class='ocrx_word' id='word_1_134' title='bbox 774 883 842 912; x_wconf 75' lang='grc' dir='ltr'>ἀλλὰ</span> 
     </span>
     <span class='ocr_line' id='line_1_17' title="bbox 74 929 842 966; baseline -0.004 -5"><span class='ocrx_word' id='word_1_135' title='bbox 74 933 211 961; x_wconf 77' lang='grc' dir='ltr'>δάκνεσθαι</span> <span class='ocrx_word' id='word_1_136' title='bbox 230 933 273 961; x_wconf 79' lang='grc' dir='ltr'>ἐπι</span> <span class='ocrx_word' id='word_1_137' title='bbox 289 937 343 966; x_wconf 81' lang='grc' dir='ltr'>τοῖς</span> <span class='ocrx_word' id='word_1_138' title='bbox 357 932 460 964; x_wconf 73' lang='grc' dir='ltr'>οἰκείοις</span> <span class='ocrx_word' id='word_1_139' title='bbox 481 936 585 964; x_wconf 81' lang='grc' dir='ltr'>κακοῖς·</span> <span class='ocrx_word' id='word_1_140' title='bbox 600 934 629 960; x_wconf 78' lang='grc' dir='ltr'>οὑ</span> <span class='ocrx_word' id='word_1_141' title='bbox 652 931 682 959; x_wconf 77' lang='grc' dir='ltr'>τὸ</span> <span class='ocrx_word' id='word_1_142' title='bbox 698 929 812 959; x_wconf 81' lang='grc' dir='ltr'>ἐναντίον</span> <span class='ocrx_word' id='word_1_143' title='bbox 829 932 842 958; x_wconf 88' lang='grc' dir='ltr'>ὁ</span> 
     </span>
     <span class='ocr_line' id='line_1_18' title="bbox 74 975 842 1017; baseline -0.004 -11"><span class='ocrx_word' id='word_1_144' title='bbox 74 979 164 1017; x_wconf 66' lang='grc' dir='ltr'>φθόνος</span> <span class='ocrx_word' id='word_1_145' title='bbox 173 983 255 1007; x_wconf 88' lang='grc' dir='ltr'>ποιεῖ·</span> <span class='ocrx_word' id='word_1_146' title='bbox 269 980 320 1006; x_wconf 79' lang='grc' dir='ltr'>τῶν</span> <span class='ocrx_word' id='word_1_147' title='bbox 333 978 383 1017; x_wconf 78' lang='grc' dir='ltr'>γὰρ</span> <span class='ocrx_word' id='word_1_148' title='bbox 393 977 494 1007; x_wconf 80' lang='grc' dir='ltr'>οἰκείων</span> <span class='ocrx_word' id='word_1_149' title='bbox 506 989 594 1006; x_wconf 70' lang='grc' dir='ltr'>κακον</span> <span class='ocrx_word' id='word_1_150' title='bbox 608 979 658 1014; x_wconf 75' lang='grc' dir='ltr'>ἆμε</span> <span class='ocrx_word' id='word_1_151' title='bbox 661 977 746 1012; x_wconf 82' lang='grc' dir='ltr'>λων,</span> <span class='ocrx_word' id='word_1_152' title='bbox 735 975 778 1004; x_wconf 68' lang='grc' dir='ltr'>επὶ</span> <span class='ocrx_word' id='word_1_153' title='bbox 789 980 842 1007; x_wconf 82' lang='grc' dir='ltr'>τοῖς</span> 
     </span>
     <span class='ocr_line' id='line_1_19' title="bbox 76 1022 842 1063; baseline -0.001 -11"><span class='ocrx_word' id='word_1_154' title='bbox 76 1024 220 1063; x_wconf 80' lang='grc' dir='ltr'>ἀλλοτρίοις</span> <span class='ocrx_word' id='word_1_155' title='bbox 231 1024 340 1059; x_wconf 74' lang='grc' dir='ltr'>τήκεται</span> <span class='ocrx_word' id='word_1_156' title='bbox 355 1026 452 1056; x_wconf 84' lang='grc' dir='ltr'>καλοῖς.</span> <span class='ocrx_word' id='word_1_157' title='bbox 468 1025 521 1053; x_wconf 80' lang='grc' dir='ltr'>Καὶ</span> <span class='ocrx_word' id='word_1_158' title='bbox 533 1024 583 1062; x_wconf 78' lang='grc' dir='ltr'>γὰρ</span> <span class='ocrx_word' id='word_1_159' title='bbox 594 1026 607 1052; x_wconf 92' lang='lat'>6</span> <span class='ocrx_word' id='word_1_160' title='bbox 620 1023 702 1058; x_wconf 78' lang='grc' dir='ltr'>πένης</span> <span class='ocrx_word' id='word_1_161' title='bbox 715 1024 764 1062; x_wconf 72' lang='grc' dir='ltr'>οὔχ</span> <span class='ocrx_word' id='word_1_162' title='bbox 775 1022 842 1052; x_wconf 77' lang='grc' dir='ltr'>οὕτω</span> 
     </span>
     <span class='ocr_line' id='line_1_20' title="bbox 74 1069 842 1110; baseline -0.003 -12"><span class='ocrx_word' id='word_1_163' title='bbox 74 1073 107 1108; x_wconf 77' lang='grc' dir='ltr'>τῇ</span> <span class='ocrx_word' id='word_1_164' title='bbox 117 1070 200 1110; x_wconf 73' lang='grc' dir='ltr'>οἰκεία</span> <span class='ocrx_word' id='word_1_165' title='bbox 213 1070 335 1098; x_wconf 76' lang='grc' dir='ltr'>δάκνεται</span> <span class='ocrx_word' id='word_1_166' title='bbox 346 1070 435 1109; x_wconf 78' lang='grc' dir='ltr'>πενία,</span> <span class='ocrx_word' id='word_1_167' title='bbox 448 1072 483 1103; x_wconf 85' lang='grc' dir='ltr'>ὡς</span> <span class='ocrx_word' id='word_1_168' title='bbox 494 1072 525 1108; x_wconf 66' lang='grc' dir='ltr'>τῇ</span> <span class='ocrx_word' id='word_1_169' title='bbox 538 1072 582 1097; x_wconf 78' lang='grc' dir='ltr'>τοῦ</span> <span class='ocrx_word' id='word_1_170' title='bbox 597 1069 708 1104; x_wconf 78' lang='grc' dir='ltr'>πλησίον</span> <span class='ocrx_word' id='word_1_171' title='bbox 719 1069 826 1108; x_wconf 74' lang='grc' dir='ltr'>εὐπορία</span> <span class='ocrx_word' id='word_1_172' title='bbox 836 1092 842 1104; x_wconf 86' lang='lat'>,</span> 
     </span>
     <span class='ocr_line' id='line_1_21' title="bbox 75 1111 843 1156; baseline -0.003 -11"><span class='ocrx_word' id='word_1_173' title='bbox 75 1112 104 1145; x_wconf 67' lang='grc' dir='ltr'>οὗ</span> <span class='ocrx_word' id='word_1_174' title='bbox 120 1116 145 1144; x_wconf 86' lang='grc' dir='ltr'>τί</span> <span class='ocrx_word' id='word_1_175' title='bbox 156 1116 249 1154; x_wconf 82' lang='grc' dir='ltr'>γένοιτ’</span> <span class='ocrx_word' id='word_1_176' title='bbox 264 1116 294 1144; x_wconf 83' lang='grc' dir='ltr'>ἂν</span> <span class='ocrx_word' id='word_1_177' title='bbox 305 1115 503 1156; x_wconf 79' lang='grc' dir='ltr'>χαλεπώτερον;</span> <span class='ocrx_word' id='word_1_178' title='bbox 513 1111 598 1148; x_wconf 71' lang='grc' dir='ltr'>Οῧτος</span> <span class='ocrx_word' id='word_1_179' title='bbox 610 1115 661 1154; x_wconf 69' lang='grc' dir='ltr'>γὰρ</span> <span class='ocrx_word' id='word_1_180' title='bbox 675 1116 743 1144; x_wconf 76' lang='grc' dir='ltr'>κατὰ</span> <span class='ocrx_word' id='word_1_181' title='bbox 756 1118 843 1151; x_wconf 70' lang='grc' dir='ltr'>τοῦτο,</span> 
     </span>
     <span class='ocr_line' id='line_1_22' title="bbox 76 1161 844 1202; baseline -0.003 -10"><span class='ocrx_word' id='word_1_182' title='bbox 76 1164 90 1176; x_wconf 87' lang='lat'><em>*</em></span> <span class='ocrx_word' id='word_1_183' title='bbox 99 1163 165 1202; x_wconf 80' lang='grc' dir='ltr'>ὅπερ</span> <span class='ocrx_word' id='word_1_184' title='bbox 179 1162 257 1202; x_wconf 71' lang='grc' dir='ltr'>ἔφθην</span> <span class='ocrx_word' id='word_1_185' title='bbox 269 1162 358 1197; x_wconf 80' lang='grc' dir='ltr'>εἰπὼν,</span> <span class='ocrx_word' id='word_1_186' title='bbox 373 1162 418 1191; x_wconf 85' lang='grc' dir='ltr'>καὶ</span> <span class='ocrx_word' id='word_1_187' title='bbox 430 1166 475 1192; x_wconf 79' lang='grc' dir='ltr'>τοῦ</span> <span class='ocrx_word' id='word_1_188' title='bbox 485 1162 641 1191; x_wconf 81' lang='grc' dir='ltr'>πλεονέκτου</span> <span class='ocrx_word' id='word_1_189' title='bbox 651 1162 760 1201; x_wconf 56' lang='grc' dir='ltr'>χείρων</span> <span class='ocrx_word' id='word_1_190' title='bbox 773 1163 786 1190; x_wconf 92' lang='lat'>6</span> <span class='ocrx_word' id='word_1_191' title='bbox 796 1161 844 1200; x_wconf 75' lang='grc' dir='ltr'>μὲν</span> 
     </span>
     <span class='ocr_line' id='line_1_23' title="bbox 76 1207 845 1248; baseline 0 -12"><span class='ocrx_word' id='word_1_192' title='bbox 76 1208 127 1247; x_wconf 75' lang='grc' dir='ltr'>γὰρ</span> <span class='ocrx_word' id='word_1_193' title='bbox 147 1207 209 1236; x_wconf 74' lang='grc' dir='ltr'>ὅταν</span> <span class='ocrx_word' id='word_1_194' title='bbox 226 1209 301 1241; x_wconf 80' lang='grc' dir='ltr'>αὐτός</span> <span class='ocrx_word' id='word_1_195' title='bbox 320 1221 346 1237; x_wconf 85' lang='grc' dir='ltr'>τι</span> <span class='ocrx_word' id='word_1_196' title='bbox 360 1209 428 1244; x_wconf 57' lang='grc' dir='ltr'>λάξ-η</span> <span class='ocrx_word' id='word_1_197' title='bbox 439 1230 447 1243; x_wconf 84' lang='grc'>,</span> <span class='ocrx_word' id='word_1_198' title='bbox 463 1208 565 1248; x_wconf 78' lang='grc' dir='ltr'>χαίρει·</span> <span class='ocrx_word' id='word_1_199' title='bbox 581 1210 594 1236; x_wconf 91' lang='lat'>6</span> <span class='ocrx_word' id='word_1_200' title='bbox 609 1207 652 1243; x_wconf 75' lang='grc' dir='ltr'>δὲ,</span> <span class='ocrx_word' id='word_1_201' title='bbox 677 1208 738 1236; x_wconf 82' lang='grc' dir='ltr'>ὅταν</span> <span class='ocrx_word' id='word_1_202' title='bbox 759 1207 845 1246; x_wconf 79' lang='grc' dir='ltr'>ἕτερος</span> 
     </span>
     <span class='ocr_line' id='line_1_24' title="bbox 79 1253 846 1294; baseline -0.003 -11"><span class='ocrx_word' id='word_1_203' title='bbox 79 1254 115 1290; x_wconf 79' lang='grc' dir='ltr'>μὴ</span> <span class='ocrx_word' id='word_1_204' title='bbox 130 1254 200 1293; x_wconf 69' lang='grc' dir='ltr'>λάὸῃ</span> <span class='ocrx_word' id='word_1_205' title='bbox 209 1277 216 1289; x_wconf 91' lang='grc'><em>,</em></span> <span class='ocrx_word' id='word_1_206' title='bbox 226 1254 284 1283; x_wconf 79' lang='grc' dir='ltr'>τότε</span> <span class='ocrx_word' id='word_1_207' title='bbox 298 1254 471 1294; x_wconf 71' lang='grc' dir='ltr'>εὐφραίνεται.</span> <span class='ocrx_word' id='word_1_208' title='bbox 483 1255 530 1284; x_wconf 76' lang='grc' dir='ltr'>Διὸ</span> <span class='ocrx_word' id='word_1_209' title='bbox 544 1255 692 1293; x_wconf 78' lang='grc' dir='ltr'>παρακαλῶ</span> <span class='ocrx_word' id='word_1_210' title='bbox 706 1253 754 1289; x_wconf 75' lang='grc' dir='ltr'>τὴν</span> <span class='ocrx_word' id='word_1_211' title='bbox 764 1265 846 1289; x_wconf 79' lang='grc' dir='ltr'>πονη-</span> 
     </span>
     <span class='ocr_line' id='line_1_25' title="bbox 79 1300 846 1340; baseline 0.003 -12"><span class='ocrx_word' id='word_1_212' title='bbox 79 1300 126 1339; x_wconf 74' lang='grc' dir='ltr'>ρὰν</span> <span class='ocrx_word' id='word_1_213' title='bbox 136 1300 233 1334; x_wconf 81' lang='grc' dir='ltr'>ταύτην</span> <span class='ocrx_word' id='word_1_214' title='bbox 246 1300 356 1340; x_wconf 70' lang='grc' dir='ltr'>ἀφέντας</span> <span class='ocrx_word' id='word_1_215' title='bbox 370 1301 437 1336; x_wconf 73' lang='grc' dir='ltr'>ὁδὸν,</span> <span class='ocrx_word' id='word_1_216' title='bbox 452 1300 496 1329; x_wconf 85' lang='grc' dir='ltr'>καὶ</span> <span class='ocrx_word' id='word_1_217' title='bbox 511 1300 707 1338; x_wconf 68' lang='grc' dir='ltr'>μεταὸαλόντας</span> <span class='ocrx_word' id='word_1_218' title='bbox 723 1301 787 1340; x_wconf 81' lang='grc' dir='ltr'>πρὸς</span> <span class='ocrx_word' id='word_1_219' title='bbox 799 1302 846 1335; x_wconf 62' lang='lat' dir='ltr'>G]-</span> 
     </span>
     <span class='ocr_line' id='line_1_26' title="bbox 77 1346 847 1386; baseline 0.001 -12"><span class='ocrx_word' id='word_1_220' title='bbox 77 1347 122 1374; x_wconf 90' lang='grc' dir='ltr'>λον</span> <span class='ocrx_word' id='word_1_221' title='bbox 134 1347 214 1375; x_wconf 83' lang='grc' dir='ltr'>καλόν</span> <span class='ocrx_word' id='word_1_222' title='bbox 229 1347 284 1383; x_wconf 80' lang='grc' dir='ltr'>(καὶ</span> <span class='ocrx_word' id='word_1_223' title='bbox 307 1347 358 1386; x_wconf 78' lang='grc' dir='ltr'>γάρ</span> <span class='ocrx_word' id='word_1_224' title='bbox 383 1349 439 1376; x_wconf 82' lang='grc' dir='ltr'>ἐστι</span> <span class='ocrx_word' id='word_1_225' title='bbox 455 1346 565 1386; x_wconf 62' lang='grc' dir='ltr'>σφοδρὸν</span> <span class='ocrx_word' id='word_1_226' title='bbox 586 1347 631 1376; x_wconf 84' lang='grc' dir='ltr'>καὶ</span> <span class='ocrx_word' id='word_1_227' title='bbox 646 1347 727 1384; x_wconf 83' lang='grc' dir='ltr'>πυρὸς</span> <span class='ocrx_word' id='word_1_228' title='bbox 750 1347 847 1379; x_wconf 81' lang='grc' dir='ltr'>παντὸς</span> 
     </span>
     <span class='ocr_line' id='line_1_27' title="bbox 78 1393 847 1433; baseline 0 -12"><span class='ocrx_word' id='word_1_229' title='bbox 78 1393 232 1433; x_wconf 85' lang='grc' dir='ltr'>θερμότερον</span> <span class='ocrx_word' id='word_1_230' title='bbox 247 1396 261 1422; x_wconf 94' lang='lat'>6</span> <span class='ocrx_word' id='word_1_231' title='bbox 273 1395 348 1429; x_wconf 77' lang='grc' dir='ltr'>ζῆλος</span> <span class='ocrx_word' id='word_1_232' title='bbox 363 1396 376 1423; x_wconf 92' lang='lat'>6</span> <span class='ocrx_word' id='word_1_233' title='bbox 387 1396 525 1430; x_wconf 73' lang='grc' dir='ltr'>τοιοῦτος),</span> <span class='ocrx_word' id='word_1_234' title='bbox 539 1394 641 1432; x_wconf 82' lang='grc' dir='ltr'>μεγάλα</span> <span class='ocrx_word' id='word_1_235' title='bbox 655 1395 769 1423; x_wconf 74' lang='grc' dir='ltr'>ἐντεῦθεν</span> <span class='ocrx_word' id='word_1_236' title='bbox 782 1404 847 1432; x_wconf 83' lang='grc' dir='ltr'>καρ-</span> 
     </span>
     <span class='ocr_line' id='line_1_28' title="bbox 78 1439 846 1479; baseline -0.001 -11"><span class='ocrx_word' id='word_1_237' title='bbox 78 1440 217 1468; x_wconf 80' lang='grc' dir='ltr'>πώσασθαι</span> <span class='ocrx_word' id='word_1_238' title='bbox 233 1440 327 1479; x_wconf 79' lang='grc' dir='ltr'>ἀγαθά.</span> <span class='ocrx_word' id='word_1_239' title='bbox 352 1439 430 1469; x_wconf 78' lang='grc' dir='ltr'>Οὕτω</span> <span class='ocrx_word' id='word_1_240' title='bbox 456 1440 501 1469; x_wconf 82' lang='grc' dir='ltr'>καὶ</span> <span class='ocrx_word' id='word_1_241' title='bbox 527 1441 632 1474; x_wconf 78' lang='grc' dir='ltr'>Παῦλος</span> <span class='ocrx_word' id='word_1_242' title='bbox 646 1440 705 1472; x_wconf 77' lang='grc' dir='ltr'>τοὺς</span> <span class='ocrx_word' id='word_1_243' title='bbox 721 1440 773 1469; x_wconf 79' lang='grc' dir='ltr'>ἀπὸ</span> <span class='ocrx_word' id='word_1_244' title='bbox 795 1441 846 1468; x_wconf 85' lang='grc' dir='ltr'>τῶν</span> 
     </span>
     <span class='ocr_line' id='line_1_29' title="bbox 79 1485 848 1526; baseline -0.001 -12"><span class='ocrx_word' id='word_1_245' title='bbox 79 1485 212 1514; x_wconf 72' lang='grc' dir='ltr'>Ἰουδαίων</span> <span class='ocrx_word' id='word_1_246' title='bbox 235 1486 279 1515; x_wconf 76' lang='grc' dir='ltr'>ἐπὶ</span> <span class='ocrx_word' id='word_1_247' title='bbox 297 1486 344 1522; x_wconf 71' lang='grc' dir='ltr'>τὴν</span> <span class='ocrx_word' id='word_1_248' title='bbox 369 1487 458 1516; x_wconf 86' lang='grc' dir='ltr'>πίστιν</span> <span class='ocrx_word' id='word_1_249' title='bbox 478 1486 666 1526; x_wconf 75' lang='grc' dir='ltr'>ἐχειραγώγει,</span> <span class='ocrx_word' id='word_1_250' title='bbox 689 1486 774 1525; x_wconf 81' lang='grc' dir='ltr'>λέγων</span> <span class='ocrx_word' id='word_1_251' title='bbox 783 1498 789 1504; x_wconf 88' lang='grc'><em>·</em></span> <span class='ocrx_word' id='word_1_252' title='bbox 814 1485 848 1514; x_wconf 82' lang='grc' dir='ltr'>Εἴ</span> 
     </span>
     <span class='ocr_line' id='line_1_30' title="bbox 79 1532 848 1572; baseline -0.001 -11"><span class='ocrx_word' id='word_1_253' title='bbox 79 1544 136 1566; x_wconf 80' lang='grc' dir='ltr'>πως</span> <span class='ocrx_word' id='word_1_254' title='bbox 146 1533 331 1572; x_wconf 80' lang='grc' dir='ltr'>παραζηλώσω</span> <span class='ocrx_word' id='word_1_255' title='bbox 349 1546 397 1571; x_wconf 88' lang='grc' dir='ltr'>μου</span> <span class='ocrx_word' id='word_1_256' title='bbox 409 1533 456 1569; x_wconf 74' lang='grc' dir='ltr'>τὴν</span> <span class='ocrx_word' id='word_1_257' title='bbox 472 1534 557 1572; x_wconf 85' lang='grc' dir='ltr'>σάρκα</span> <span class='ocrx_word' id='word_1_258' title='bbox 566 1557 573 1569; x_wconf 90' lang='grc'><strong>,</strong></span> <span class='ocrx_word' id='word_1_259' title='bbox 587 1534 632 1562; x_wconf 82' lang='grc' dir='ltr'>καὶ</span> <span class='ocrx_word' id='word_1_260' title='bbox 645 1533 723 1562; x_wconf 78' lang='grc' dir='ltr'>σώσω</span> <span class='ocrx_word' id='word_1_261' title='bbox 736 1533 808 1566; x_wconf 79' lang='grc' dir='ltr'>τινὰς</span> <span class='ocrx_word' id='word_1_262' title='bbox 822 1532 848 1566; x_wconf 82' lang='grc' dir='ltr'>ἐξ</span> 
     </span>
     <span class='ocr_line' id='line_1_31' title="bbox 81 1578 848 1618; baseline 0.001 -12"><span class='ocrx_word' id='word_1_263' title='bbox 81 1580 174 1607; x_wconf 81' lang='grc' dir='ltr'>αὐτῶν.</span> <span class='ocrx_word' id='word_1_264' title='bbox 190 1578 225 1607; x_wconf 74' lang='lat'>‘0</span> <span class='ocrx_word' id='word_1_265' title='bbox 238 1578 289 1618; x_wconf 77' lang='grc' dir='ltr'>γὰρ</span> <span class='ocrx_word' id='word_1_266' title='bbox 303 1579 371 1608; x_wconf 81' lang='grc' dir='ltr'>οὕτω</span> <span class='ocrx_word' id='word_1_267' title='bbox 385 1581 480 1615; x_wconf 72' lang='grc' dir='ltr'>ζηλῶν,</span> <span class='ocrx_word' id='word_1_268' title='bbox 501 1581 536 1612; x_wconf 82' lang='grc' dir='ltr'>ὡς</span> <span class='ocrx_word' id='word_1_269' title='bbox 556 1582 652 1612; x_wconf 78' lang='grc' dir='ltr'>ἐκεῖνος</span> <span class='ocrx_word' id='word_1_270' title='bbox 672 1579 804 1614; x_wconf 55' lang='grc' dir='ltr'>ἐβούλετο,</span> <span class='ocrx_word' id='word_1_271' title='bbox 819 1580 848 1607; x_wconf 84' lang='grc' dir='ltr'>οὗ</span> 
     </span>
     <span class='ocr_line' id='line_1_32' title="bbox 81 1625 849 1665; baseline 0.001 -12"><span class='ocrx_word' id='word_1_272' title='bbox 81 1625 190 1659; x_wconf 68' lang='grc' dir='ltr'>τήκεται</span> <span class='ocrx_word' id='word_1_273' title='bbox 199 1625 262 1654; x_wconf 78' lang='grc' dir='ltr'>ὅταν</span> <span class='ocrx_word' id='word_1_274' title='bbox 276 1626 319 1654; x_wconf 80' lang='grc' dir='ltr'>τὸν</span> <span class='ocrx_word' id='word_1_275' title='bbox 335 1625 422 1665; x_wconf 75' lang='grc' dir='ltr'>ἕτερον</span> <span class='ocrx_word' id='word_1_276' title='bbox 437 1627 625 1664; x_wconf 75' lang='grc' dir='ltr'>εὐδοκιμοῦντα</span> <span class='ocrx_word' id='word_1_277' title='bbox 638 1626 680 1665; x_wconf 73' lang='grc' dir='ltr'>ἴδῃ</span> <span class='ocrx_word' id='word_1_278' title='bbox 692 1649 699 1661; x_wconf 84' lang='grc'><em>,</em></span> <span class='ocrx_word' id='word_1_279' title='bbox 713 1627 770 1654; x_wconf 80' lang='grc' dir='ltr'>ἀλλ’</span> <span class='ocrx_word' id='word_1_280' title='bbox 787 1625 849 1655; x_wconf 76' lang='grc' dir='ltr'>ὅταν</span> 
     </span>
     <span class='ocr_line' id='line_1_33' title="bbox 81 1671 850 1712; baseline 0 -12"><span class='ocrx_word' id='word_1_281' title='bbox 81 1671 172 1700; x_wconf 82' lang='grc' dir='ltr'>ἑαυτὸν</span> <span class='ocrx_word' id='word_1_282' title='bbox 184 1672 443 1710; x_wconf 82' lang='grc' dir='ltr'>ἀπολιμπανόμενον.</span> <span class='ocrx_word' id='word_1_283' title='bbox 456 1672 490 1701; x_wconf 82' lang='lat' dir='ltr'>‘O</span> <span class='ocrx_word' id='word_1_284' title='bbox 513 1673 539 1702; x_wconf 80' lang='grc' dir='ltr'>δὲ</span> <span class='ocrx_word' id='word_1_285' title='bbox 554 1672 673 1712; x_wconf 67' lang='grc' dir='ltr'>φθονερὸς</span> <span class='ocrx_word' id='word_1_286' title='bbox 688 1673 737 1711; x_wconf 73' lang='grc' dir='ltr'>οὐχ</span> <span class='ocrx_word' id='word_1_287' title='bbox 750 1671 833 1704; x_wconf 78' lang='grc' dir='ltr'>οὕτως</span> <span class='ocrx_word' id='word_1_288' title='bbox 843 1695 850 1708; x_wconf 89' lang='grc'><strong>,</strong></span> 
     </span>
     <span class='ocr_line' id='line_1_34' title="bbox 82 1714 851 1758; baseline 0.003 -13"><span class='ocrx_word' id='word_1_289' title='bbox 82 1719 140 1746; x_wconf 80' lang='grc' dir='ltr'>ἀλλ’</span> <span class='ocrx_word' id='word_1_290' title='bbox 153 1717 214 1746; x_wconf 81' lang='grc' dir='ltr'>ὅταν</span> <span class='ocrx_word' id='word_1_291' title='bbox 228 1717 314 1756; x_wconf 77' lang='grc' dir='ltr'>ἕτερον</span> <span class='ocrx_word' id='word_1_292' title='bbox 328 1714 356 1747; x_wconf 66' lang='grc' dir='ltr'>εὖ</span> <span class='ocrx_word' id='word_1_293' title='bbox 368 1719 516 1757; x_wconf 83' lang='grc' dir='ltr'>πράττοντα</span> <span class='ocrx_word' id='word_1_294' title='bbox 532 1719 572 1757; x_wconf 75' lang='grc' dir='ltr'>ἴδῃ</span> <span class='ocrx_word' id='word_1_295' title='bbox 585 1730 591 1735; x_wconf 86' lang='grc'><em>·</em></span> <span class='ocrx_word' id='word_1_296' title='bbox 606 1718 651 1747; x_wconf 75' lang='grc' dir='ltr'>καὶ</span> <span class='ocrx_word' id='word_1_297' title='bbox 669 1719 788 1758; x_wconf 73' lang='grc' dir='ltr'>καθάπερ</span> <span class='ocrx_word' id='word_1_298' title='bbox 802 1730 851 1753; x_wconf 87' lang='grc' dir='ltr'>κη-</span> 
     </span>
     <span class='ocr_line' id='line_1_35' title="bbox 82 1763 851 1805; baseline 0 -13"><span class='ocrx_word' id='word_1_299' title='bbox 82 1763 133 1803; x_wconf 75' lang='grc' dir='ltr'>φήν</span> <span class='ocrx_word' id='word_1_300' title='bbox 147 1764 186 1796; x_wconf 77' lang='grc' dir='ltr'>τίς</span> <span class='ocrx_word' id='word_1_301' title='bbox 202 1766 257 1793; x_wconf 87' lang='grc' dir='ltr'>ε’στι</span> <span class='ocrx_word' id='word_1_302' title='bbox 269 1769 322 1797; x_wconf 78' lang='grc' dir='ltr'>τοῖς</span> <span class='ocrx_word' id='word_1_303' title='bbox 337 1765 482 1805; x_wconf 71' lang='grc' dir='ltr'>ἀλλοτρίοις</span> <span class='ocrx_word' id='word_1_304' title='bbox 492 1765 679 1803; x_wconf 78' lang='grc' dir='ltr'>λυμαινόμενος</span> <span class='ocrx_word' id='word_1_305' title='bbox 689 1764 776 1798; x_wconf 77' lang='grc' dir='ltr'>πόνοις</span> <span class='ocrx_word' id='word_1_306' title='bbox 787 1787 793 1799; x_wconf 89' lang='grc'><strong><em>,</em></strong></span> <span class='ocrx_word' id='word_1_307' title='bbox 806 1765 851 1793; x_wconf 84' lang='grc' dir='ltr'>καὶ</span> 
     </span>
     <span class='ocr_line' id='line_1_36' title="bbox 81 1810 850 1867; baseline 0 -29"><span class='ocrx_word' id='word_1_308' title='bbox 81 1810 158 1843; x_wconf 81' lang='grc' dir='ltr'>αὐτὸς</span> <span class='ocrx_word' id='word_1_309' title='bbox 185 1810 232 1848; x_wconf 80' lang='grc' dir='ltr'>μὲν</span> <span class='ocrx_word' id='word_1_310' title='bbox 248 1810 371 1839; x_wconf 76' lang='grc' dir='ltr'>οὐδέποτε</span> <span class='ocrx_word' id='word_1_311' title='bbox 384 1811 528 1845; x_wconf 70' lang='grc' dir='ltr'>ἀναστῆναι</span> <span class='ocrx_word' id='word_1_312' title='bbox 547 1810 708 1846; x_wconf 68' lang='grc' dir='ltr'>σπουδάζων,</span> <span class='ocrx_word' id='word_1_313' title='bbox 730 1811 850 1867; x_wconf 79' lang='grc' dir='ltr'>δακρύων</span> 
     </span>
     <span class='ocr_line' id='line_1_37' title="bbox 82 1856 850 1896; baseline 0 -11"><span class='ocrx_word' id='word_1_314' title='bbox 82 1856 109 1885; x_wconf 73' lang='grc' dir='ltr'>δὲ</span> <span class='ocrx_word' id='word_1_315' title='bbox 122 1856 185 1885; x_wconf 81' lang='grc' dir='ltr'>ὅταν</span> <span class='ocrx_word' id='word_1_316' title='bbox 197 1856 283 1895; x_wconf 78' lang='grc' dir='ltr'>ἕτερον</span> <span class='ocrx_word' id='word_1_317' title='bbox 298 1856 446 1885; x_wconf 77' lang='grc' dir='ltr'>ἀναστάντα</span> <span class='ocrx_word' id='word_1_318' title='bbox 458 1857 500 1896; x_wconf 81' lang='grc' dir='ltr'>ἴοη</span> <span class='ocrx_word' id='word_1_319' title='bbox 511 1880 519 1894; x_wconf 84' lang='lat'>,</span> <span class='ocrx_word' id='word_1_320' title='bbox 535 1869 580 1885; x_wconf 89' lang='grc' dir='ltr'>και</span> <span class='ocrx_word' id='word_1_321' title='bbox 589 1857 676 1885; x_wconf 78' lang='grc' dir='ltr'>πάντα</span> <span class='ocrx_word' id='word_1_322' title='bbox 687 1868 769 1885; x_wconf 83' lang='grc' dir='ltr'>ποιων</span> <span class='ocrx_word' id='word_1_323' title='bbox 782 1856 850 1885; x_wconf 61' lang='lat' dir='ltr'>(hors</span> 
     </span>
     <span class='ocr_line' id='line_1_38' title="bbox 84 1902 851 1941; baseline 0 -10"><span class='ocrx_word' id='word_1_324' title='bbox 84 1903 158 1931; x_wconf 80' lang='grc' dir='ltr'>αὗτον</span> <span class='ocrx_word' id='word_1_325' title='bbox 179 1902 347 1931; x_wconf 67' lang='grc' dir='ltr'>καταὸαλεῖν.</span> <span class='ocrx_word' id='word_1_326' title='bbox 363 1902 425 1932; x_wconf 79' lang='grc' dir='ltr'>Γίνι</span> <span class='ocrx_word' id='word_1_327' title='bbox 445 1906 488 1931; x_wconf 79' lang='grc' dir='ltr'>οὖν</span> <span class='ocrx_word' id='word_1_328' title='bbox 504 1903 534 1931; x_wconf 80' lang='grc' dir='ltr'>ἄν</span> <span class='ocrx_word' id='word_1_329' title='bbox 550 1915 589 1936; x_wconf 85' lang='grc' dir='ltr'>τις</span> <span class='ocrx_word' id='word_1_330' title='bbox 608 1906 684 1932; x_wconf 81' lang='grc' dir='ltr'>τοῦτο</span> <span class='ocrx_word' id='word_1_331' title='bbox 699 1903 851 1941; x_wconf 68' lang='grc' dir='ltr'>παραὸαλοι</span> 
     </span>
     <span class='ocr_line' id='line_1_39' title="bbox 84 1944 854 1987; baseline 0 -10"><span class='ocrx_word' id='word_1_332' title='bbox 84 1960 114 1977; x_wconf 89' lang='grc' dir='ltr'>το</span> <span class='ocrx_word' id='word_1_333' title='bbox 128 1948 226 1985; x_wconf 80' lang='grc' dir='ltr'>πάθος;</span> <span class='ocrx_word' id='word_1_334' title='bbox 246 1947 360 1986; x_wconf 57' lang='grc' dir='ltr'>υΟμοιον</span> <span class='ocrx_word' id='word_1_335' title='bbox 375 1944 442 1977; x_wconf 88' lang='grc' dir='ltr'>εἰναί</span> <span class='ocrx_word' id='word_1_336' title='bbox 464 1961 508 1987; x_wconf 86' lang='grc' dir='ltr'>μοι</span> <span class='ocrx_word' id='word_1_337' title='bbox 530 1950 600 1978; x_wconf 79' lang='grc' dir='ltr'>δοκεῖ</span> <span class='ocrx_word' id='word_1_338' title='bbox 618 1952 703 1984; x_wconf 78' lang='grc' dir='ltr'>τοῦτο,</span> <span class='ocrx_word' id='word_1_339' title='bbox 719 1951 770 1978; x_wconf 83' lang='grc' dir='ltr'>οἷον</span> <span class='ocrx_word' id='word_1_340' title='bbox 786 1948 816 1976; x_wconf 81' lang='grc' dir='ltr'>ἂν</span> <span class='ocrx_word' id='word_1_341' title='bbox 832 1950 854 1977; x_wconf 87' lang='grc' dir='ltr'>εἷ</span> 
     </span>
     <span class='ocr_line' id='line_1_40' title="bbox 85 1995 854 2035; baseline 0.003 -14"><span class='ocrx_word' id='word_1_342' title='bbox 85 1995 196 2029; x_wconf 81' lang='grc' dir='ltr'>νωθὴς</span> <span class='ocrx_word' id='word_1_343' title='bbox 182 2006 238 2028; x_wconf 86' lang='grc' dir='ltr'>ονος</span> <span class='ocrx_word' id='word_1_344' title='bbox 251 1995 296 2023; x_wconf 85' lang='grc' dir='ltr'>καὶ</span> <span class='ocrx_word' id='word_1_345' title='bbox 311 1995 476 2035; x_wconf 79' lang='grc' dir='ltr'>πολυσαρκίᾳ</span> <span class='ocrx_word' id='word_1_346' title='bbox 488 1995 691 2035; x_wconf 70' lang='grc' dir='ltr'>βεὸαρημενος”</span> <span class='ocrx_word' id='word_1_347' title='bbox 681 2007 752 2024; x_wconf 82' lang='grc' dir='ltr'>ιππω</span> <span class='ocrx_word' id='word_1_348' title='bbox 762 1997 854 2034; x_wconf 67' lang='grc' dir='ltr'>πτηνὶἴ)</span> 
     </span>
     <span class='ocr_line' id='line_1_41' title="bbox 87 2040 854 2080; baseline 0.001 -12"><span class='ocrx_word' id='word_1_349' title='bbox 87 2040 299 2079; x_wconf 77' lang='grc' dir='ltr'>συνεζευγμένος,</span> <span class='ocrx_word' id='word_1_350' title='bbox 325 2041 392 2079; x_wconf 79' lang='grc' dir='ltr'>μήτε</span> <span class='ocrx_word' id='word_1_351' title='bbox 417 2042 494 2074; x_wconf 76' lang='grc' dir='ltr'>αὐτὸς</span> <span class='ocrx_word' id='word_1_352' title='bbox 516 2041 698 2070; x_wconf 76' lang='grc' dir='ltr'>διανίστασθαι</span> <span class='ocrx_word' id='word_1_353' title='bbox 714 2042 854 2080; x_wconf 82' lang='grc' dir='ltr'>βούλοιτο,</span> 
     </span>
     <span class='ocr_line' id='line_1_42' title="bbox 86 2086 855 2128; baseline 0.003 -14"><span class='ocrx_word' id='word_1_354' title='bbox 86 2086 130 2114; x_wconf 81' lang='grc' dir='ltr'>καὶ</span> <span class='ocrx_word' id='word_1_355' title='bbox 149 2088 246 2115; x_wconf 80' lang='grc' dir='ltr'>ἐκεῖνον</span> <span class='ocrx_word' id='word_1_356' title='bbox 265 2088 303 2125; x_wconf 82' lang='grc' dir='ltr'>τῷ</span> <span class='ocrx_word' id='word_1_357' title='bbox 316 2087 390 2126; x_wconf 74' lang='grc' dir='ltr'>βάρει</span> <span class='ocrx_word' id='word_1_358' title='bbox 411 2089 463 2116; x_wconf 84' lang='grc' dir='ltr'>τῶν</span> <span class='ocrx_word' id='word_1_359' title='bbox 480 2090 584 2128; x_wconf 73' lang='grc' dir='ltr'>σαρκῶν</span> <span class='ocrx_word' id='word_1_360' title='bbox 600 2088 737 2116; x_wconf 81' lang='grc' dir='ltr'>καθέλκειν</span> <span class='ocrx_word' id='word_1_361' title='bbox 753 2089 855 2127; x_wconf 77' lang='grc' dir='ltr'>ἐπιχει-</span> 
     </span>
    </p>
   </div>
   <div class='ocr_carea' id='block_1_3' title="bbox 89 2128 890 2173">
    <p class='ocr_par' dir='ltr' id='par_1_3' title="bbox 89 2128 890 2173">
     <span class='ocr_line' id='line_1_43' title="bbox 89 2128 890 2173; baseline 0 -13"><span class='ocrx_word' id='word_1_362' title='bbox 89 2132 154 2171; x_wconf 88' lang='grc' dir='ltr'>ροίη.</span> <span class='ocrx_word' id='word_1_363' title='bbox 167 2133 218 2161; x_wconf 79' lang='grc' dir='ltr'>Καὶ</span> <span class='ocrx_word' id='word_1_364' title='bbox 228 2132 278 2172; x_wconf 81' lang='grc' dir='ltr'>γὰρ</span> <span class='ocrx_word' id='word_1_365' title='bbox 288 2132 334 2161; x_wconf 72' lang='grc' dir='ltr'>καὶ</span> <span class='ocrx_word' id='word_1_366' title='bbox 348 2128 421 2166; x_wconf 58' lang='grc' dir='ltr'>οὗτος</span> <span class='ocrx_word' id='word_1_367' title='bbox 431 2156 439 2169; x_wconf 81' lang='lat'>‚</span> <span class='ocrx_word' id='word_1_368' title='bbox 448 2133 520 2166; x_wconf 78' lang='grc' dir='ltr'>ὅπως</span> <span class='ocrx_word' id='word_1_369' title='bbox 534 2133 580 2171; x_wconf 73' lang='grc' dir='ltr'>μὲν</span> <span class='ocrx_word' id='word_1_370' title='bbox 596 2134 672 2167; x_wconf 81' lang='grc' dir='ltr'>αὐτὸς</span> <span class='ocrx_word' id='word_1_371' title='bbox 686 2134 853 2173; x_wconf 78' lang='grc' dir='ltr'>ἀπαλλαγείη</span> <span class='ocrx_word' id='word_1_372' title='bbox 882 2138 890 2160; x_wconf 72' lang='grc' dir='ltr'><em>ἶ</em></span> 
     </span>
    </p>
   </div>
   <div class='ocr_carea' id='block_1_4' title="bbox 87 2177 858 2498">
    <p class='ocr_par' dir='ltr' id='par_1_4' title="bbox 87 2177 858 2498">
     <span class='ocr_line' id='line_1_44' title="bbox 87 2177 855 2216; baseline 0.004 -11"><span class='ocrx_word' id='word_1_373' title='bbox 87 2179 132 2206; x_wconf 81' lang='grc' dir='ltr'>τοῦ</span> <span class='ocrx_word' id='word_1_374' title='bbox 160 2177 250 2216; x_wconf 81' lang='grc' dir='ltr'>βαθέος</span> <span class='ocrx_word' id='word_1_375' title='bbox 269 2178 350 2206; x_wconf 76' lang='grc' dir='ltr'>ὕπνου</span> <span class='ocrx_word' id='word_1_376' title='bbox 378 2178 481 2215; x_wconf 82' lang='grc' dir='ltr'>τούτου,</span> <span class='ocrx_word' id='word_1_377' title='bbox 504 2178 576 2208; x_wconf 73' lang='grc' dir='ltr'>οὐδὲν</span> <span class='ocrx_word' id='word_1_378' title='bbox 593 2179 652 2208; x_wconf 77' lang='grc' dir='ltr'>οὔτε</span> <span class='ocrx_word' id='word_1_379' title='bbox 679 2181 778 2216; x_wconf 79' lang='grc' dir='ltr'>ἐννοεῑ,</span> <span class='ocrx_word' id='word_1_380' title='bbox 795 2179 855 2208; x_wconf 81' lang='grc' dir='ltr'>οὔτε</span> 
     </span>
     <span class='ocr_line' id='line_1_45' title="bbox 88 2225 855 2268; baseline 0.004 -15"><span class='ocrx_word' id='word_1_381' title='bbox 88 2225 243 2258; x_wconf 76' lang='grc' dir='ltr'>σπουδάζει’</span> <span class='ocrx_word' id='word_1_382' title='bbox 260 2225 346 2254; x_wconf 75' lang='grc' dir='ltr'>πάντα</span> <span class='ocrx_word' id='word_1_383' title='bbox 361 2225 388 2254; x_wconf 81' lang='grc' dir='ltr'>δὲ</span> <span class='ocrx_word' id='word_1_384' title='bbox 403 2231 472 2255; x_wconf 86' lang='grc' dir='ltr'>ποιεῖ</span> <span class='ocrx_word' id='word_1_385' title='bbox 486 2226 553 2255; x_wconf 81' lang='grc' dir='ltr'>ὥστε</span> <span class='ocrx_word' id='word_1_386' title='bbox 568 2227 611 2256; x_wconf 86' lang='grc' dir='ltr'>τὸν</span> <span class='ocrx_word' id='word_1_387' title='bbox 636 2229 671 2260; x_wconf 81' lang='grc' dir='ltr'>εἷς</span> <span class='ocrx_word' id='word_1_388' title='bbox 685 2227 728 2256; x_wconf 80' lang='grc' dir='ltr'>τὸν</span> <span class='ocrx_word' id='word_1_389' title='bbox 749 2229 855 2268; x_wconf 84' lang='grc' dir='ltr'>οὐρανὸν</span> 
     </span>
     <span class='ocr_line' id='line_1_46' title="bbox 88 2271 856 2314; baseline 0.005 -15"><span class='ocrx_word' id='word_1_390' title='bbox 88 2271 230 2309; x_wconf 78' lang='grc' dir='ltr'>ἰπτάμενον</span> <span class='ocrx_word' id='word_1_391' title='bbox 249 2272 419 2301; x_wconf 77' lang='grc' dir='ltr'>ὑποσκελίσαι</span> <span class='ocrx_word' id='word_1_392' title='bbox 434 2272 479 2301; x_wconf 76' lang='grc' dir='ltr'>καὶ</span> <span class='ocrx_word' id='word_1_393' title='bbox 501 2274 669 2310; x_wconf 70' lang='grc' dir='ltr'>καταίαλεῖν,</span> <span class='ocrx_word' id='word_1_394' title='bbox 685 2274 796 2314; x_wconf 64' lang='grc' dir='ltr'>ἀκριὸὴς</span> <span class='ocrx_word' id='word_1_395' title='bbox 811 2277 856 2304; x_wconf 78' lang='grc' dir='ltr'>τοῦ</span> 
     </span>
     <span class='ocr_line' id='line_1_47' title="bbox 90 2317 856 2361; baseline 0.007 -16"><span class='ocrx_word' id='word_1_396' title='bbox 90 2317 210 2347; x_wconf 71' lang='grc' dir='ltr'>διαίῖόλου</span> <span class='ocrx_word' id='word_1_397' title='bbox 231 2318 348 2354; x_wconf 73' lang='grc' dir='ltr'>ζηλωτὴς</span> <span class='ocrx_word' id='word_1_398' title='bbox 364 2318 506 2357; x_wconf 76' lang='grc' dir='ltr'>γινόμενος.</span> <span class='ocrx_word' id='word_1_399' title='bbox 524 2319 576 2348; x_wconf 72' lang='grc' dir='ltr'>Καὶ</span> <span class='ocrx_word' id='word_1_400' title='bbox 599 2320 650 2358; x_wconf 82' lang='grc' dir='ltr'>γὰρ</span> <span class='ocrx_word' id='word_1_401' title='bbox 671 2322 766 2353; x_wconf 81' lang='grc' dir='ltr'>ἐκεῖνος</span> <span class='ocrx_word' id='word_1_402' title='bbox 790 2323 856 2361; x_wconf 74' lang='grc' dir='ltr'>ὀρῶν</span> 
     </span>
     <span class='ocr_line' id='line_1_48' title="bbox 88 2362 858 2405; baseline 0.006 -14"><span class='ocrx_word' id='word_1_403' title='bbox 88 2362 132 2391; x_wconf 75' lang='grc' dir='ltr'>τὀν</span> <span class='ocrx_word' id='word_1_404' title='bbox 147 2363 282 2404; x_wconf 77' lang='grc' dir='ltr'>ἄνθρωπον</span> <span class='ocrx_word' id='word_1_405' title='bbox 298 2365 324 2392; x_wconf 81' lang='grc' dir='ltr'>ἐν</span> <span class='ocrx_word' id='word_1_406' title='bbox 338 2364 500 2404; x_wconf 75' lang='grc' dir='ltr'>παραδείσῳ,</span> <span class='ocrx_word' id='word_1_407' title='bbox 513 2367 558 2394; x_wconf 79' lang='grc' dir='ltr'>οὐκ</span> <span class='ocrx_word' id='word_1_408' title='bbox 571 2366 646 2399; x_wconf 80' lang='grc' dir='ltr'>αὐτὸς</span> <span class='ocrx_word' id='word_1_409' title='bbox 659 2367 799 2400; x_wconf 77' lang='grc' dir='ltr'>ἐσπούδαζε</span> <span class='ocrx_word' id='word_1_410' title='bbox 812 2379 858 2405; x_wconf 88' lang='grc' dir='ltr'>με·</span> 
     </span>
     <span class='ocr_line' id='line_1_49' title="bbox 90 2409 857 2453; baseline 0.008 -16"><span class='ocrx_word' id='word_1_411' title='bbox 90 2409 266 2446; x_wconf 48' lang='lat' dir='ltr'>agalia-0012,</span> <span class='ocrx_word' id='word_1_412' title='bbox 284 2411 342 2439; x_wconf 85' lang='grc' dir='ltr'>ἀλλ’</span> <span class='ocrx_word' id='word_1_413' title='bbox 357 2412 454 2440; x_wconf 76' lang='grc' dir='ltr'>ἐκεῖνον</span> <span class='ocrx_word' id='word_1_414' title='bbox 473 2411 594 2440; x_wconf 65' lang='grc' dir='ltr'>ἐκὸαλεῖν</span> <span class='ocrx_word' id='word_1_415' title='bbox 615 2415 659 2441; x_wconf 79' lang='grc' dir='ltr'>τοῦ</span> <span class='ocrx_word' id='word_1_416' title='bbox 678 2414 838 2453; x_wconf 81' lang='grc' dir='ltr'>παραδείσου</span> <span class='ocrx_word' id='word_1_417' title='bbox 851 2427 857 2432; x_wconf 86' lang='grc'><em>·</em></span> 
     </span>
     <span class='ocr_line' id='line_1_50' title="bbox 92 2455 858 2498; baseline 0.008 -15"><span class='ocrx_word' id='word_1_418' title='bbox 92 2455 136 2484; x_wconf 71' lang='grc' dir='ltr'>καὶ</span> <span class='ocrx_word' id='word_1_419' title='bbox 151 2456 228 2484; x_wconf 75' lang='grc' dir='ltr'>πάλιν</span> <span class='ocrx_word' id='word_1_420' title='bbox 242 2456 302 2485; x_wconf 71' lang='grc' dir='ltr'>ἰδὼν</span> <span class='ocrx_word' id='word_1_421' title='bbox 318 2457 396 2486; x_wconf 74' lang='grc' dir='ltr'>αὐτὸν</span> <span class='ocrx_word' id='word_1_422' title='bbox 414 2459 439 2486; x_wconf 79' lang='grc' dir='ltr'>ἐν</span> <span class='ocrx_word' id='word_1_423' title='bbox 454 2459 555 2498; x_wconf 71' lang='grc' dir='ltr'>οὐρανῷ</span> <span class='ocrx_word' id='word_1_424' title='bbox 571 2458 727 2497; x_wconf 66' lang='grc' dir='ltr'>καθ-ἥμενον,</span> <span class='ocrx_word' id='word_1_425' title='bbox 743 2460 786 2488; x_wconf 73' lang='grc' dir='ltr'>καὶ</span> <span class='ocrx_word' id='word_1_426' title='bbox 800 2460 858 2493; x_wconf 63' lang='grc' dir='ltr'>τοὺς</span> 
     </span>
    </p>
   </div>
   <div class='ocr_carea' id='block_1_5' title="bbox 128 2561 343 2594">
    <p class='ocr_par' dir='ltr' id='par_1_5' title="bbox 128 2561 343 2594">
     <span class='ocr_line' id='line_1_51' title="bbox 128 2561 343 2594; baseline 0.009 -11"><span class='ocrx_word' id='word_1_427' title='bbox 128 2561 343 2594; x_wconf 45' lang='grc' dir='ltr'>-[ωπψΛ,η]</span> 
     </span>
    </p>
   </div>
   <div class='ocr_carea' id='block_1_6' title="bbox 770 173 915 196">
    <p class='ocr_par' dir='ltr' id='par_1_6' title="bbox 770 173 915 196">
     <span class='ocr_line' id='line_1_52' title="bbox 770 173 915 196; baseline -0.014 0"><span class='ocrx_word' id='word_1_428' title='bbox 770 173 814 196; x_wconf 74' lang='grc' dir='ltr'>ΑΙ)</span> <span class='ocrx_word' id='word_1_429' title='bbox 840 173 915 195; x_wconf 81' lang='lat' dir='ltr'>Con.</span> 
     </span>
    </p>
   </div>
   <div class='ocr_carea' id='block_1_7' title="bbox 945 160 1630 195">
    <p class='ocr_par' dir='ltr' id='par_1_7' title="bbox 945 160 1630 195">
     <span class='ocr_line' id='line_1_53' title="bbox 945 160 1630 195; baseline -0.001 -1"><span class='ocrx_word' id='word_1_430' title='bbox 945 173 1062 195; x_wconf 65' lang='lat' dir='ltr'>nonu„</span> <span class='ocrx_word' id='word_1_431' title='bbox 1094 173 1188 195; x_wconf 56' lang='lat' dir='ltr'>xxxh</span> <span class='ocrx_word' id='word_1_432' title='bbox 1568 160 1630 193; x_wconf 74' lang='lat'>531</span> 
     </span>
    </p>
   </div>
   <div class='ocr_carea' id='block_1_8' title="bbox 894 233 1651 1392">
    <p class='ocr_par' dir='ltr' id='par_1_8' title="bbox 894 233 1651 1392">
     <span class='ocr_line' id='line_1_54' title="bbox 894 233 1639 274; baseline 0.003 -13"><span class='ocrx_word' id='word_1_433' title='bbox 894 233 1058 270; x_wconf 81' lang='lat' dir='ltr'>felicitatem,</span> <span class='ocrx_word' id='word_1_434' title='bbox 1069 233 1217 262; x_wconf 88' lang='lat' dir='ltr'>eommunis</span> <span class='ocrx_word' id='word_1_435' title='bbox 1227 234 1360 274; x_wconf 81' lang='lat' dir='ltr'>quispiam</span> <span class='ocrx_word' id='word_1_436' title='bbox 1369 234 1452 263; x_wconf 80' lang='lat' dir='ltr'>bostis</span> <span class='ocrx_word' id='word_1_437' title='bbox 1462 234 1586 263; x_wconf 74' lang='lat' dir='ltr'>humana:</span> <span class='ocrx_word' id='word_1_438' title='bbox 1596 245 1639 263; x_wconf 78' lang='lat' dir='ltr'>na-</span> 
     </span>
     <span class='ocr_line' id='line_1_55' title="bbox 895 280 1638 320; baseline 0 -12"><span class='ocrx_word' id='word_1_439' title='bbox 895 287 962 308; x_wconf 68' lang='lat' dir='ltr'>turm</span> <span class='ocrx_word' id='word_1_440' title='bbox 985 280 1153 317; x_wconf 77' lang='lat' dir='ltr'>circumiens,</span> <span class='ocrx_word' id='word_1_441' title='bbox 1169 287 1193 308; x_wconf 91' lang='lat' dir='ltr'>et</span> <span class='ocrx_word' id='word_1_442' title='bbox 1210 281 1310 309; x_wconf 77' lang='lat' dir='ltr'>Christi</span> <span class='ocrx_word' id='word_1_443' title='bbox 1331 281 1450 309; x_wconf 79' lang='lat' dir='ltr'>membra</span> <span class='ocrx_word' id='word_1_444' title='bbox 1473 281 1638 320; x_wconf 82' lang='lat' dir='ltr'>percutiens:</span> 
     </span>
     <span class='ocr_line' id='line_1_56' title="bbox 897 326 1637 365; baseline 0.003 -11"><span class='ocrx_word' id='word_1_445' title='bbox 897 337 950 364; x_wconf 87' lang='lat' dir='ltr'>quo</span> <span class='ocrx_word' id='word_1_446' title='bbox 960 326 1026 364; x_wconf 87' lang='lat' dir='ltr'>quid</span> <span class='ocrx_word' id='word_1_447' title='bbox 1038 327 1164 355; x_wconf 81' lang='lat' dir='ltr'>furiosius</span> <span class='ocrx_word' id='word_1_448' title='bbox 1173 326 1272 355; x_wconf 69' lang='lat' dir='ltr'>fueritij</span> <span class='ocrx_word' id='word_1_449' title='bbox 1283 328 1392 355; x_wconf 67' lang='lat' dir='ltr'>Daemon</span> <span class='ocrx_word' id='word_1_450' title='bbox 1402 326 1505 356; x_wconf 84' lang='lat' dir='ltr'>invidet</span> <span class='ocrx_word' id='word_1_451' title='bbox 1517 327 1637 365; x_wconf 88' lang='lat' dir='ltr'>quidem,</span> 
     </span>
     <span class='ocr_line' id='line_1_57' title="bbox 896 371 1640 409; baseline 0.003 -9"><span class='ocrx_word' id='word_1_452' title='bbox 896 371 942 400; x_wconf 82' lang='lat' dir='ltr'>sod</span> <span class='ocrx_word' id='word_1_453' title='bbox 956 372 1120 409; x_wconf 86' lang='lat' dir='ltr'>hominihus,</span> <span class='ocrx_word' id='word_1_454' title='bbox 1130 373 1282 402; x_wconf 79' lang='lat' dir='ltr'>daemouum</span> <span class='ocrx_word' id='word_1_455' title='bbox 1293 384 1356 402; x_wconf 72' lang='lat' dir='ltr'>vero</span> <span class='ocrx_word' id='word_1_456' title='bbox 1370 373 1438 401; x_wconf 91' lang='lat' dir='ltr'>nulli</span> <span class='ocrx_word' id='word_1_457' title='bbox 1452 385 1457 401; x_wconf 79' lang='lat' dir='ltr'><em>z</em></span> <span class='ocrx_word' id='word_1_458' title='bbox 1473 381 1501 402; x_wconf 90' lang='lat' dir='ltr'>tu</span> <span class='ocrx_word' id='word_1_459' title='bbox 1514 385 1576 403; x_wconf 86' lang='lat' dir='ltr'>vero</span> <span class='ocrx_word' id='word_1_460' title='bbox 1591 374 1640 403; x_wconf 91' lang='lat' dir='ltr'>ho-</span> 
     </span>
     <span class='ocr_line' id='line_1_58' title="bbox 897 418 1641 456; baseline 0.003 -9"><span class='ocrx_word' id='word_1_461' title='bbox 897 428 940 447; x_wconf 88' lang='lat' dir='ltr'>mo</span> <span class='ocrx_word' id='word_1_462' title='bbox 952 429 1013 447; x_wconf 90' lang='lat' dir='ltr'>cum</span> <span class='ocrx_word' id='word_1_463' title='bbox 1024 418 1069 454; x_wconf 88' lang='lat' dir='ltr'>sis,</span> <span class='ocrx_word' id='word_1_464' title='bbox 1078 419 1233 448; x_wconf 88' lang='lat' dir='ltr'>hominibus</span> <span class='ocrx_word' id='word_1_465' title='bbox 1244 419 1358 456; x_wconf 83' lang='lat' dir='ltr'>invides,</span> <span class='ocrx_word' id='word_1_466' title='bbox 1367 426 1392 448; x_wconf 91' lang='lat' dir='ltr'>et</span> <span class='ocrx_word' id='word_1_467' title='bbox 1402 419 1532 449; x_wconf 72' lang='lat' dir='ltr'>adversus</span> <span class='ocrx_word' id='word_1_468' title='bbox 1542 421 1641 449; x_wconf 82' lang='lat' dir='ltr'>contri-</span> 
     </span>
     <span class='ocr_line' id='line_1_59' title="bbox 897 464 1640 505; baseline 0.003 -12"><span class='ocrx_word' id='word_1_469' title='bbox 897 464 987 493; x_wconf 91' lang='lat' dir='ltr'>bulem</span> <span class='ocrx_word' id='word_1_470' title='bbox 1001 472 1026 494; x_wconf 90' lang='lat' dir='ltr'>et</span> <span class='ocrx_word' id='word_1_471' title='bbox 1037 476 1210 504; x_wconf 76' lang='lat' dir='ltr'>congenerem</span> <span class='ocrx_word' id='word_1_472' title='bbox 1221 466 1348 505; x_wconf 80' lang='lat' dir='ltr'>insurgis,</span> <span class='ocrx_word' id='word_1_473' title='bbox 1359 465 1431 504; x_wconf 90' lang='lat' dir='ltr'>quod</span> <span class='ocrx_word' id='word_1_474' title='bbox 1443 477 1526 504; x_wconf 88' lang='lat' dir='ltr'>neque</span> <span class='ocrx_word' id='word_1_475' title='bbox 1535 466 1640 495; x_wconf 59' lang='lat' dir='ltr'>daemon</span> 
     </span>
     <span class='ocr_line' id='line_1_60' title="bbox 898 511 1642 550; baseline 0.004 -11"><span class='ocrx_word' id='word_1_476' title='bbox 898 511 972 540; x_wconf 81' lang='lat' dir='ltr'>facit.</span> <span class='ocrx_word' id='word_1_477' title='bbox 984 511 1106 550; x_wconf 88' lang='lat' dir='ltr'>Ecquam</span> <span class='ocrx_word' id='word_1_478' title='bbox 1122 512 1320 541; x_wconf 78' lang='lat' dir='ltr'>excusationem</span> <span class='ocrx_word' id='word_1_479' title='bbox 1334 519 1359 541; x_wconf 89' lang='lat' dir='ltr'>et</span> <span class='ocrx_word' id='word_1_480' title='bbox 1369 512 1547 542; x_wconf 80' lang='lat' dir='ltr'><strong>defensionem</strong></span> <span class='ocrx_word' id='word_1_481' title='bbox 1559 513 1642 542; x_wconf 78' lang='lat' dir='ltr'>habe-</span> 
     </span>
     <span class='ocr_line' id='line_1_61' title="bbox 899 558 1641 598; baseline 0.003 -12"><span class='ocrx_word' id='word_1_482' title='bbox 899 558 948 594; x_wconf 88' lang='lat' dir='ltr'>bis,</span> <span class='ocrx_word' id='word_1_483' title='bbox 957 558 1062 596; x_wconf 76' lang='lat' dir='ltr'>quando</span> <span class='ocrx_word' id='word_1_484' title='bbox 1073 558 1166 587; x_wconf 83' lang='lat' dir='ltr'>videns</span> <span class='ocrx_word' id='word_1_485' title='bbox 1179 559 1287 587; x_wconf 83' lang='lat' dir='ltr'>fratrem</span> <span class='ocrx_word' id='word_1_486' title='bbox 1299 569 1425 598; x_wconf 84' lang='lat' dir='ltr'>prospere</span> <span class='ocrx_word' id='word_1_487' title='bbox 1439 566 1570 598; x_wconf 76' lang='lat' dir='ltr'>agentem,</span> <span class='ocrx_word' id='word_1_488' title='bbox 1579 570 1641 588; x_wconf 86' lang='lat' dir='ltr'>eon-</span> 
     </span>
     <span class='ocr_line' id='line_1_62' title="bbox 898 603 1644 644; baseline 0.001 -12"><span class='ocrx_word' id='word_1_489' title='bbox 898 603 1029 632; x_wconf 81' lang='lat' dir='ltr'>tremiscis</span> <span class='ocrx_word' id='word_1_490' title='bbox 1039 610 1065 632; x_wconf 88' lang='lat' dir='ltr'>et</span> <span class='ocrx_word' id='word_1_491' title='bbox 1074 604 1234 644; x_wconf 81' lang='lat' dir='ltr'>palles‚eum</span> <span class='ocrx_word' id='word_1_492' title='bbox 1248 611 1380 644; x_wconf 80' lang='lat' dir='ltr'>oporteret</span> <span class='ocrx_word' id='word_1_493' title='bbox 1391 611 1417 633; x_wconf 89' lang='lat' dir='ltr'>te</span> <span class='ocrx_word' id='word_1_494' title='bbox 1429 615 1562 641; x_wconf 81' lang='lat' dir='ltr'>coronare,</span> <span class='ocrx_word' id='word_1_495' title='bbox 1572 605 1644 634; x_wconf 83' lang='lat' dir='ltr'>laeta-</span> 
     </span>
     <span class='ocr_line' id='line_1_63' title="bbox 898 650 1644 687; baseline 0.001 -8"><span class='ocrx_word' id='word_1_496' title='bbox 898 650 921 679; x_wconf 87' lang='lat' dir='ltr'>ri</span> <span class='ocrx_word' id='word_1_497' title='bbox 936 657 961 679; x_wconf 90' lang='lat' dir='ltr'>et</span> <span class='ocrx_word' id='word_1_498' title='bbox 974 650 1126 678; x_wconf 71' lang='lat' dir='ltr'>exsultare?</span> <span class='ocrx_word' id='word_1_499' title='bbox 1136 650 1165 680; x_wconf 89' lang='lat' dir='ltr'>Si</span> <span class='ocrx_word' id='word_1_500' title='bbox 1180 657 1269 679; x_wconf 82' lang='lat' dir='ltr'>autem</span> <span class='ocrx_word' id='word_1_501' title='bbox 1288 651 1355 679; x_wconf 73' lang='lat' dir='ltr'>velis</span> <span class='ocrx_word' id='word_1_502' title='bbox 1368 661 1430 679; x_wconf 89' lang='lat' dir='ltr'>eum</span> <span class='ocrx_word' id='word_1_503' title='bbox 1443 651 1575 687; x_wconf 74' lang='lat' dir='ltr'>aemulari,</span> <span class='ocrx_word' id='word_1_504' title='bbox 1592 662 1644 680; x_wconf 91' lang='lat' dir='ltr'>non</span> 
     </span>
     <span class='ocr_line' id='line_1_64' title="bbox 899 697 1646 737; baseline 0.003 -12"><span class='ocrx_word' id='word_1_505' title='bbox 899 697 1032 737; x_wconf 88' lang='lat' dir='ltr'>impedio:</span> <span class='ocrx_word' id='word_1_506' title='bbox 1043 697 1178 731; x_wconf 67' lang='lat' dir='ltr'>aemulare,</span> <span class='ocrx_word' id='word_1_507' title='bbox 1192 697 1237 726; x_wconf 87' lang='lat' dir='ltr'>sed</span> <span class='ocrx_word' id='word_1_508' title='bbox 1248 704 1276 726; x_wconf 93' lang='lat' dir='ltr'>ut</span> <span class='ocrx_word' id='word_1_509' title='bbox 1288 697 1340 731; x_wconf 83' lang='lat' dir='ltr'>illi,</span> <span class='ocrx_word' id='word_1_510' title='bbox 1352 698 1460 727; x_wconf 82' lang='lat' dir='ltr'>laudem</span> <span class='ocrx_word' id='word_1_511' title='bbox 1471 699 1523 727; x_wconf 92' lang='lat' dir='ltr'>sibi</span> <span class='ocrx_word' id='word_1_512' title='bbox 1534 699 1646 728; x_wconf 82' lang='lat' dir='ltr'>eoncili-</span> 
     </span>
     <span class='ocr_line' id='line_1_65' title="bbox 898 743 1646 783; baseline 0.004 -12"><span class='ocrx_word' id='word_1_513' title='bbox 898 743 1073 780; x_wconf 81' lang='lat' dir='ltr'>anti‚similis</span> <span class='ocrx_word' id='word_1_514' title='bbox 1085 743 1140 781; x_wconf 83' lang='lat' dir='ltr'>sis3</span> <span class='ocrx_word' id='word_1_515' title='bbox 1158 753 1210 771; x_wconf 89' lang='lat' dir='ltr'>non</span> <span class='ocrx_word' id='word_1_516' title='bbox 1225 749 1254 771; x_wconf 92' lang='lat' dir='ltr'>ut</span> <span class='ocrx_word' id='word_1_517' title='bbox 1269 743 1347 772; x_wconf 92' lang='lat' dir='ltr'>illum</span> <span class='ocrx_word' id='word_1_518' title='bbox 1366 743 1491 783; x_wconf 80' lang='lat' dir='ltr'>dejicias.</span> <span class='ocrx_word' id='word_1_519' title='bbox 1504 745 1550 773; x_wconf 84' lang='lat' dir='ltr'>sed</span> <span class='ocrx_word' id='word_1_520' title='bbox 1567 751 1596 773; x_wconf 91' lang='lat' dir='ltr'>ut</span> <span class='ocrx_word' id='word_1_521' title='bbox 1610 744 1646 774; x_wconf 82' lang='lat' dir='ltr'>ad</span> 
     </span>
     <span class='ocr_line' id='line_1_66' title="bbox 897 789 1648 829; baseline 0.004 -11"><span class='ocrx_word' id='word_1_522' title='bbox 897 789 969 818; x_wconf 86' lang='lat' dir='ltr'>idem</span> <span class='ocrx_word' id='word_1_523' title='bbox 981 789 1085 818; x_wconf 90' lang='lat' dir='ltr'>culmen</span> <span class='ocrx_word' id='word_1_524' title='bbox 1098 789 1249 829; x_wconf 78' lang='lat' dir='ltr'>pervenias,</span> <span class='ocrx_word' id='word_1_525' title='bbox 1259 796 1288 818; x_wconf 90' lang='lat' dir='ltr'>ut</span> <span class='ocrx_word' id='word_1_526' title='bbox 1298 790 1419 819; x_wconf 82' lang='lat' dir='ltr'>eamdem</span> <span class='ocrx_word' id='word_1_527' title='bbox 1433 791 1561 820; x_wconf 86' lang='lat' dir='ltr'>virtutem</span> <span class='ocrx_word' id='word_1_528' title='bbox 1572 792 1648 821; x_wconf 79' lang='lat' dir='ltr'>exhi·</span> 
     </span>
     <span class='ocr_line' id='line_1_67' title="bbox 898 835 1645 879; baseline 0.004 -15"><span class='ocrx_word' id='word_1_529' title='bbox 898 836 968 864; x_wconf 82' lang='lat' dir='ltr'>beas.</span> <span class='ocrx_word' id='word_1_530' title='bbox 983 836 1046 864; x_wconf 85' lang='lat' dir='ltr'>Haec</span> <span class='ocrx_word' id='word_1_531' title='bbox 1061 835 1130 864; x_wconf 85' lang='lat' dir='ltr'>bona</span> <span class='ocrx_word' id='word_1_532' title='bbox 1145 843 1183 865; x_wconf 79' lang='lat' dir='ltr'>est</span> <span class='ocrx_word' id='word_1_533' title='bbox 1197 836 1341 872; x_wconf 78' lang='lat' dir='ltr'>aemulatio,</span> <span class='ocrx_word' id='word_1_534' title='bbox 1354 837 1470 873; x_wconf 78' lang='lat' dir='ltr'>imitari,</span> <span class='ocrx_word' id='word_1_535' title='bbox 1486 848 1537 866; x_wconf 90' lang='lat' dir='ltr'>non</span> <span class='ocrx_word' id='word_1_536' title='bbox 1554 838 1645 879; x_wconf 91' lang='lat' dir='ltr'>impu-</span> 
     </span>
     <span class='ocr_line' id='line_1_68' title="bbox 898 882 1648 920; baseline 0.005 -10"><span class='ocrx_word' id='word_1_537' title='bbox 898 892 989 920; x_wconf 77' lang='lat' dir='ltr'>gnare,</span> <span class='ocrx_word' id='word_1_538' title='bbox 999 892 1051 910; x_wconf 90' lang='lat' dir='ltr'>non</span> <span class='ocrx_word' id='word_1_539' title='bbox 1070 882 1160 911; x_wconf 88' lang='lat' dir='ltr'>dolere</span> <span class='ocrx_word' id='word_1_540' title='bbox 1174 882 1207 911; x_wconf 87' lang='lat' dir='ltr'>de</span> <span class='ocrx_word' id='word_1_541' title='bbox 1222 882 1316 911; x_wconf 77' lang='lat' dir='ltr'>alienis</span> <span class='ocrx_word' id='word_1_542' title='bbox 1326 883 1414 920; x_wconf 88' lang='lat' dir='ltr'>bonis,</span> <span class='ocrx_word' id='word_1_543' title='bbox 1422 883 1467 912; x_wconf 87' lang='lat' dir='ltr'>sed</span> <span class='ocrx_word' id='word_1_544' title='bbox 1480 884 1598 913; x_wconf 87' lang='lat' dir='ltr'>morderi</span> <span class='ocrx_word' id='word_1_545' title='bbox 1613 885 1648 914; x_wconf 90' lang='lat' dir='ltr'>de</span> 
     </span>
     <span class='ocr_line' id='line_1_69' title="bbox 900 928 1645 970; baseline 0.008 -15"><span class='ocrx_word' id='word_1_546' title='bbox 900 928 1016 967; x_wconf 86' lang='lat' dir='ltr'>propriis</span> <span class='ocrx_word' id='word_1_547' title='bbox 1034 928 1127 956; x_wconf 79' lang='lat' dir='ltr'>malis:</span> <span class='ocrx_word' id='word_1_548' title='bbox 1139 929 1182 957; x_wconf 88' lang='lat' dir='ltr'>cui</span> <span class='ocrx_word' id='word_1_549' title='bbox 1200 929 1237 957; x_wconf 91' lang='lat' dir='ltr'>rei</span> <span class='ocrx_word' id='word_1_550' title='bbox 1258 930 1423 958; x_wconf 76' lang='lat' dir='ltr'>eontrarium</span> <span class='ocrx_word' id='word_1_551' title='bbox 1440 931 1503 959; x_wconf 75' lang='lat' dir='ltr'>facit</span> <span class='ocrx_word' id='word_1_552' title='bbox 1524 931 1645 970; x_wconf 80' lang='lat' dir='ltr'>invidia3</span> 
     </span>
     <span class='ocr_line' id='line_1_70' title="bbox 900 974 1649 1013; baseline 0.009 -13"><span class='ocrx_word' id='word_1_553' title='bbox 900 984 961 1001; x_wconf 72' lang='lat' dir='ltr'>nam</span> <span class='ocrx_word' id='word_1_554' title='bbox 975 974 1084 1013; x_wconf 77' lang='lat' dir='ltr'>propria</span> <span class='ocrx_word' id='word_1_555' title='bbox 1095 974 1232 1013; x_wconf 77' lang='lat' dir='ltr'>negligens</span> <span class='ocrx_word' id='word_1_556' title='bbox 1247 975 1326 1013; x_wconf 78' lang='lat' dir='ltr'>mala,</span> <span class='ocrx_word' id='word_1_557' title='bbox 1338 975 1372 1004; x_wconf 86' lang='lat' dir='ltr'>de</span> <span class='ocrx_word' id='word_1_558' title='bbox 1381 976 1476 1005; x_wconf 84' lang='lat' dir='ltr'>alienis</span> <span class='ocrx_word' id='word_1_559' title='bbox 1486 977 1563 1006; x_wconf 88' lang='lat' dir='ltr'>bonis</span> <span class='ocrx_word' id='word_1_560' title='bbox 1576 978 1649 1007; x_wconf 76' lang='lat' dir='ltr'>tabe-</span> 
     </span>
     <span class='ocr_line' id='line_1_71' title="bbox 899 1021 1648 1062; baseline 0.008 -13"><span class='ocrx_word' id='word_1_561' title='bbox 899 1021 1070 1060; x_wconf 78' lang='lat' dir='ltr'>scit.Pauper</span> <span class='ocrx_word' id='word_1_562' title='bbox 1079 1021 1151 1050; x_wconf 85' lang='lat' dir='ltr'>enim</span> <span class='ocrx_word' id='word_1_563' title='bbox 1167 1033 1219 1050; x_wconf 90' lang='lat' dir='ltr'>non</span> <span class='ocrx_word' id='word_1_564' title='bbox 1232 1022 1268 1051; x_wconf 78' lang='lat' dir='ltr'>ita</span> <span class='ocrx_word' id='word_1_565' title='bbox 1277 1033 1292 1050; x_wconf 83' lang='lat' dir='ltr'>a</span> <span class='ocrx_word' id='word_1_566' title='bbox 1303 1031 1460 1062; x_wconf 80' lang='lat' dir='ltr'>paupertate</span> <span class='ocrx_word' id='word_1_567' title='bbox 1473 1036 1520 1054; x_wconf 80' lang='lat' dir='ltr'>sua</span> <span class='ocrx_word' id='word_1_568' title='bbox 1539 1026 1648 1055; x_wconf 83' lang='lat' dir='ltr'>morde-</span> 
     </span>
     <span class='ocr_line' id='line_1_72' title="bbox 899 1068 1649 1110; baseline 0.009 -15"><span class='ocrx_word' id='word_1_569' title='bbox 899 1074 951 1103; x_wconf 81' lang='lat' dir='ltr'>tur,</span> <span class='ocrx_word' id='word_1_570' title='bbox 962 1079 1059 1106; x_wconf 82' lang='lat' dir='ltr'>quama</span> <span class='ocrx_word' id='word_1_571' title='bbox 1076 1068 1194 1107; x_wconf 81' lang='lat' dir='ltr'>proximi</span> <span class='ocrx_word' id='word_1_572' title='bbox 1207 1068 1291 1108; x_wconf 81' lang='lat' dir='ltr'>copiis</span> <span class='ocrx_word' id='word_1_573' title='bbox 1305 1081 1310 1097; x_wconf 88' lang='lat'><strong>:</strong></span> <span class='ocrx_word' id='word_1_574' title='bbox 1329 1081 1382 1108; x_wconf 90' lang='lat' dir='ltr'>quo</span> <span class='ocrx_word' id='word_1_575' title='bbox 1394 1071 1461 1109; x_wconf 88' lang='lat' dir='ltr'>quid</span> <span class='ocrx_word' id='word_1_576' title='bbox 1472 1072 1582 1110; x_wconf 76' lang='lat' dir='ltr'>gravius</span> <span class='ocrx_word' id='word_1_577' title='bbox 1594 1073 1649 1102; x_wconf 88' lang='lat' dir='ltr'>fue-</span> 
     </span>
     <span class='ocr_line' id='line_1_73' title="bbox 901 1114 1650 1154; baseline 0.009 -12"><span class='ocrx_word' id='word_1_578' title='bbox 901 1114 955 1143; x_wconf 75' lang='lat' dir='ltr'>rit?</span> <span class='ocrx_word' id='word_1_579' title='bbox 976 1114 1025 1143; x_wconf 86' lang='lat' dir='ltr'>Ille</span> <span class='ocrx_word' id='word_1_580' title='bbox 1039 1115 1139 1154; x_wconf 88' lang='lat' dir='ltr'>quippe</span> <span class='ocrx_word' id='word_1_581' title='bbox 1158 1115 1184 1143; x_wconf 90' lang='lat' dir='ltr'>in</span> <span class='ocrx_word' id='word_1_582' title='bbox 1204 1115 1264 1152; x_wconf 86' lang='lat' dir='ltr'>hoc,</span> <span class='ocrx_word' id='word_1_583' title='bbox 1278 1123 1306 1144; x_wconf 90' lang='lat' dir='ltr'>ut</span> <span class='ocrx_word' id='word_1_584' title='bbox 1322 1117 1375 1154; x_wconf 81' lang='lat' dir='ltr'>jam</span> <span class='ocrx_word' id='word_1_585' title='bbox 1386 1116 1456 1153; x_wconf 80' lang='lat' dir='ltr'>dixi,</span> <span class='ocrx_word' id='word_1_586' title='bbox 1472 1129 1555 1147; x_wconf 81' lang='lat' dir='ltr'>avaro</span> <span class='ocrx_word' id='word_1_587' title='bbox 1569 1119 1650 1149; x_wconf 76' lang='lat' dir='ltr'>etiam</span> 
     </span>
     <span class='ocr_line' id='line_1_74' title="bbox 901 1162 1651 1205; baseline 0.008 -15"><span class='ocrx_word' id='word_1_588' title='bbox 901 1163 975 1202; x_wconf 87' lang='lat' dir='ltr'>pejor</span> <span class='ocrx_word' id='word_1_589' title='bbox 984 1170 1022 1191; x_wconf 88' lang='lat' dir='ltr'>est</span> <span class='ocrx_word' id='word_1_590' title='bbox 1031 1162 1092 1191; x_wconf 86' lang='lat' dir='ltr'>:ille</span> <span class='ocrx_word' id='word_1_591' title='bbox 1101 1163 1171 1192; x_wconf 89' lang='lat' dir='ltr'>enim</span> <span class='ocrx_word' id='word_1_592' title='bbox 1183 1174 1245 1192; x_wconf 88' lang='lat' dir='ltr'>cum</span> <span class='ocrx_word' id='word_1_593' title='bbox 1254 1164 1322 1203; x_wconf 91' lang='lat' dir='ltr'>quid</span> <span class='ocrx_word' id='word_1_594' title='bbox 1332 1166 1472 1204; x_wconf 69' lang='lat' dir='ltr'>¹acceperit,</span> <span class='ocrx_word' id='word_1_595' title='bbox 1482 1166 1596 1205; x_wconf 79' lang='lat' dir='ltr'>gaudet3</span> <span class='ocrx_word' id='word_1_596' title='bbox 1606 1167 1651 1197; x_wconf 79' lang='lat' dir='ltr'>hie</span> 
     </span>
     <span class='ocr_line' id='line_1_75' title="bbox 902 1209 1650 1252; baseline 0.008 -15"><span class='ocrx_word' id='word_1_597' title='bbox 902 1219 977 1247; x_wconf 80' lang='lat' dir='ltr'>vero,</span> <span class='ocrx_word' id='word_1_598' title='bbox 987 1220 1048 1237; x_wconf 90' lang='lat' dir='ltr'>eum</span> <span class='ocrx_word' id='word_1_599' title='bbox 1056 1209 1126 1238; x_wconf 78' lang='lat' dir='ltr'>alius</span> <span class='ocrx_word' id='word_1_600' title='bbox 1132 1220 1182 1238; x_wconf 90' lang='lat' dir='ltr'>non</span> <span class='ocrx_word' id='word_1_601' title='bbox 1189 1211 1328 1250; x_wconf 86' lang='lat' dir='ltr'>acceperit,</span> <span class='ocrx_word' id='word_1_602' title='bbox 1335 1211 1450 1241; x_wconf 73' lang='lat' dir='ltr'>laetatur.</span> <span class='ocrx_word' id='word_1_603' title='bbox 1457 1212 1650 1252; x_wconf 82' lang='lat' dir='ltr'>Quamobrem,</span> 
     </span>
     <span class='ocr_line' id='line_1_76' title="bbox 902 1256 1649 1296; baseline 0.007 -11"><span class='ocrx_word' id='word_1_604' title='bbox 902 1256 1022 1295; x_wconf 83' lang='lat' dir='ltr'>obsecro,</span> <span class='ocrx_word' id='word_1_605' title='bbox 1030 1257 1099 1285; x_wconf 81' lang='lat' dir='ltr'>hane</span> <span class='ocrx_word' id='word_1_606' title='bbox 1108 1257 1206 1286; x_wconf 82' lang='lat' dir='ltr'>malam</span> <span class='ocrx_word' id='word_1_607' title='bbox 1215 1257 1394 1296; x_wconf 77' lang='lat' dir='ltr'>relinquentes</span> <span class='ocrx_word' id='word_1_608' title='bbox 1404 1259 1475 1288; x_wconf 77' lang='lat' dir='ltr'>viam</span> <span class='ocrx_word' id='word_1_609' title='bbox 1487 1266 1512 1288; x_wconf 90' lang='lat' dir='ltr'>et</span> <span class='ocrx_word' id='word_1_610' title='bbox 1520 1260 1555 1289; x_wconf 83' lang='lat' dir='ltr'>ad</span> <span class='ocrx_word' id='word_1_611' title='bbox 1561 1261 1649 1290; x_wconf 89' lang='lat' dir='ltr'>zelum</span> 
     </span>
     <span class='ocr_line' id='line_1_77' title="bbox 903 1303 1651 1339; baseline 0.008 -9"><span class='ocrx_word' id='word_1_612' title='bbox 903 1303 1003 1331; x_wconf 88' lang='lat' dir='ltr'>bonum</span> <span class='ocrx_word' id='word_1_613' title='bbox 1021 1303 1208 1339; x_wconf 81' lang='lat' dir='ltr'>mutati(nam</span> <span class='ocrx_word' id='word_1_614' title='bbox 1233 1303 1295 1333; x_wconf 77' lang='lat' dir='ltr'>talis</span> <span class='ocrx_word' id='word_1_615' title='bbox 1317 1305 1388 1333; x_wconf 89' lang='lat' dir='ltr'>zelus</span> <span class='ocrx_word' id='word_1_616' title='bbox 1412 1305 1553 1336; x_wconf 79' lang='lat' dir='ltr'>vehemens</span> <span class='ocrx_word' id='word_1_617' title='bbox 1568 1315 1606 1336; x_wconf 76' lang='lat' dir='ltr'>est</span> <span class='ocrx_word' id='word_1_618' title='bbox 1626 1315 1651 1336; x_wconf 84' lang='lat' dir='ltr'>ct</span> 
     </span>
     <span class='ocr_line' id='line_1_78' title="bbox 902 1349 1650 1392; baseline 0.005 -14"><span class='ocrx_word' id='word_1_619' title='bbox 902 1349 963 1388; x_wconf 83' lang='lat' dir='ltr'>igne</span> <span class='ocrx_word' id='word_1_620' title='bbox 978 1349 1197 1386; x_wconf 82' lang='lat' dir='ltr'>vehementior),</span> <span class='ocrx_word' id='word_1_621' title='bbox 1210 1360 1307 1389; x_wconf 76' lang='lat' dir='ltr'>magna</span> <span class='ocrx_word' id='word_1_622' title='bbox 1322 1350 1385 1380; x_wconf 88' lang='lat' dir='ltr'>inde</span> <span class='ocrx_word' id='word_1_623' title='bbox 1404 1351 1558 1392; x_wconf 83' lang='lat' dir='ltr'>percipiatis</span> <span class='ocrx_word' id='word_1_624' title='bbox 1572 1353 1650 1382; x_wconf 80' lang='lat' dir='ltr'>bona.</span> 
     </span>
    </p>
   </div>
   <div class='ocr_carea' id='block_1_9' title="bbox 905 1395 1783 1435">
    <p class='ocr_par' dir='ltr' id='par_1_9' title="bbox 905 1395 1783 1435">
     <span class='ocr_line' id='line_1_79' title="bbox 905 1395 1783 1435; baseline 0.006 -11"><span class='ocrx_word' id='word_1_625' title='bbox 905 1396 950 1424; x_wconf 85' lang='lat' dir='ltr'>Sic</span> <span class='ocrx_word' id='word_1_626' title='bbox 965 1402 990 1424; x_wconf 91' lang='lat' dir='ltr'>et</span> <span class='ocrx_word' id='word_1_627' title='bbox 1001 1395 1217 1426; x_wconf 80' lang='lat' dir='ltr'>PaulusJudaeos</span> <span class='ocrx_word' id='word_1_628' title='bbox 1229 1395 1263 1424; x_wconf 84' lang='lat' dir='ltr'>ad</span> <span class='ocrx_word' id='word_1_629' title='bbox 1276 1396 1359 1425; x_wconf 76' lang='lat' dir='ltr'>fidem</span> <span class='ocrx_word' id='word_1_630' title='bbox 1371 1397 1532 1435; x_wconf 78' lang='lat' dir='ltr'>deducebat,</span> <span class='ocrx_word' id='word_1_631' title='bbox 1542 1398 1647 1428; x_wconf 85' lang='lat' dir='ltr'>dicens:</span> <span class='ocrx_word' id='word_1_632' title='bbox 1665 1408 1731 1429; x_wconf 66' lang='lat' dir='ltr'>[tani.</span> <span class='ocrx_word' id='word_1_633' title='bbox 1747 1413 1783 1428; x_wconf 86' lang='grc' dir='ltr'>ιι.</span> 
     </span>
    </p>
   </div>
   <div class='ocr_carea' id='block_1_10' title="bbox 906 1438 1702 2507">
    <p class='ocr_par' dir='ltr' id='par_1_10' title="bbox 906 1438 1702 2507">
     <span class='ocr_line' id='line_1_80' title="bbox 906 1438 1702 1482; baseline 0.009 -13"><span class='ocrx_word' id='word_1_634' title='bbox 906 1442 936 1470; x_wconf 88' lang='lat' dir='ltr'>Si</span> <span class='ocrx_word' id='word_1_635' title='bbox 953 1442 1096 1481; x_wconf 84' lang='lat' dir='ltr'>quomodo</span> <span class='ocrx_word' id='word_1_636' title='bbox 1109 1442 1150 1470; x_wconf 84' lang='lat' dir='ltr'>ad</span> <span class='ocrx_word' id='word_1_637' title='bbox 1161 1443 1359 1471; x_wconf 81' lang='lat' dir='ltr'>oemulandum</span> <span class='ocrx_word' id='word_1_638' title='bbox 1372 1454 1523 1482; x_wconf 75' lang='lat' dir='ltr'>provocem</span> <span class='ocrx_word' id='word_1_639' title='bbox 1533 1455 1651 1475; x_wconf 84' lang='lat' dir='ltr'>earnem</span> <span class='ocrx_word' id='word_1_640' title='bbox 1667 1438 1702 1468; x_wconf 65' lang='lat'>¹4·</span> 
     </span>
     <span class='ocr_line' id='line_1_81' title="bbox 906 1487 1652 1529; baseline 0.007 -14"><span class='ocrx_word' id='word_1_641' title='bbox 906 1498 1011 1523; x_wconf 81' lang='lat' dir='ltr'>meam,</span> <span class='ocrx_word' id='word_1_642' title='bbox 1026 1494 1054 1516; x_wconf 81' lang='lat' dir='ltr'>et</span> <span class='ocrx_word' id='word_1_643' title='bbox 1068 1487 1293 1528; x_wconf 75' lang='lat' dir='ltr'>salvossaciam</span> <span class='ocrx_word' id='word_1_644' title='bbox 1309 1489 1425 1529; x_wconf 79' lang='lat' dir='ltr'>aliquos</span> <span class='ocrx_word' id='word_1_645' title='bbox 1439 1501 1475 1518; x_wconf 76' lang='lat' dir='ltr'>ex</span> <span class='ocrx_word' id='word_1_646' title='bbox 1493 1491 1564 1520; x_wconf 75' lang='lat' dir='ltr'>illis.</span> <span class='ocrx_word' id='word_1_647' title='bbox 1581 1493 1652 1520; x_wconf 83' lang='lat' dir='ltr'>Nam</span> 
     </span>
     <span class='ocr_line' id='line_1_82' title="bbox 906 1533 1652 1572; baseline 0.008 -11"><span class='ocrx_word' id='word_1_648' title='bbox 906 1533 954 1572; x_wconf 88' lang='lat' dir='ltr'>qui</span> <span class='ocrx_word' id='word_1_649' title='bbox 968 1533 1004 1562; x_wconf 78' lang='lat' dir='ltr'>ita</span> <span class='ocrx_word' id='word_1_650' title='bbox 1017 1533 1159 1561; x_wconf 77' lang='lat' dir='ltr'>aemulatur</span> <span class='ocrx_word' id='word_1_651' title='bbox 1172 1541 1202 1562; x_wconf 91' lang='lat' dir='ltr'>ut</span> <span class='ocrx_word' id='word_1_652' title='bbox 1215 1533 1262 1562; x_wconf 84' lang='lat' dir='ltr'>ille</span> <span class='ocrx_word' id='word_1_653' title='bbox 1272 1535 1392 1570; x_wconf 76' lang='lat' dir='ltr'>volebat,</span> <span class='ocrx_word' id='word_1_654' title='bbox 1403 1546 1455 1564; x_wconf 84' lang='lat' dir='ltr'>non</span> <span class='ocrx_word' id='word_1_655' title='bbox 1466 1537 1577 1566; x_wconf 82' lang='lat' dir='ltr'>tabescit</span> <span class='ocrx_word' id='word_1_656' title='bbox 1590 1548 1652 1567; x_wconf 88' lang='lat' dir='ltr'>cum</span> 
     </span>
     <span class='ocr_line' id='line_1_83' title="bbox 907 1578 1653 1622; baseline 0.007 -14"><span class='ocrx_word' id='word_1_657' title='bbox 907 1578 1005 1608; x_wconf 82' lang='lat' dir='ltr'>viderit</span> <span class='ocrx_word' id='word_1_658' title='bbox 1015 1578 1100 1607; x_wconf 82' lang='lat' dir='ltr'>alium</span> <span class='ocrx_word' id='word_1_659' title='bbox 1109 1579 1136 1607; x_wconf 93' lang='lat' dir='ltr'>in</span> <span class='ocrx_word' id='word_1_660' title='bbox 1146 1579 1216 1607; x_wconf 83' lang='lat' dir='ltr'>bona</span> <span class='ocrx_word' id='word_1_661' title='bbox 1229 1579 1424 1610; x_wconf 78' lang='lat' dir='ltr'>existimatione</span> <span class='ocrx_word' id='word_1_662' title='bbox 1435 1592 1499 1619; x_wconf 83' lang='lat' dir='ltr'>esse,</span> <span class='ocrx_word' id='word_1_663' title='bbox 1509 1582 1555 1611; x_wconf 90' lang='lat' dir='ltr'>sed</span> <span class='ocrx_word' id='word_1_664' title='bbox 1568 1594 1653 1622; x_wconf 79' lang='lat' dir='ltr'>quan-</span> 
     </span>
     <span class='ocr_line' id='line_1_84' title="bbox 907 1624 1652 1664; baseline 0.008 -11"><span class='ocrx_word' id='word_1_665' title='bbox 907 1625 943 1653; x_wconf 90' lang='lat' dir='ltr'>do</span> <span class='ocrx_word' id='word_1_666' title='bbox 963 1624 1062 1654; x_wconf 73' lang='lat' dir='ltr'>viderit</span> <span class='ocrx_word' id='word_1_667' title='bbox 1084 1635 1112 1653; x_wconf 89' lang='lat' dir='ltr'>se</span> <span class='ocrx_word' id='word_1_668' title='bbox 1128 1635 1180 1653; x_wconf 89' lang='lat' dir='ltr'>non</span> <span class='ocrx_word' id='word_1_669' title='bbox 1201 1625 1229 1653; x_wconf 87' lang='lat' dir='ltr'>id</span> <span class='ocrx_word' id='word_1_670' title='bbox 1244 1626 1361 1664; x_wconf 84' lang='lat' dir='ltr'>assequi.</span> <span class='ocrx_word' id='word_1_671' title='bbox 1385 1626 1498 1655; x_wconf 81' lang='lat' dir='ltr'>Invidus</span> <span class='ocrx_word' id='word_1_672' title='bbox 1518 1639 1582 1658; x_wconf 72' lang='lat' dir='ltr'>vero</span> <span class='ocrx_word' id='word_1_673' title='bbox 1600 1639 1652 1658; x_wconf 90' lang='lat' dir='ltr'>non</span> 
     </span>
     <span class='ocr_line' id='line_1_85' title="bbox 908 1670 1654 1714; baseline 0.008 -15"><span class='ocrx_word' id='word_1_674' title='bbox 908 1671 957 1708; x_wconf 89' lang='lat' dir='ltr'>sic,</span> <span class='ocrx_word' id='word_1_675' title='bbox 970 1670 1017 1699; x_wconf 88' lang='lat' dir='ltr'>sed</span> <span class='ocrx_word' id='word_1_676' title='bbox 1032 1682 1093 1700; x_wconf 90' lang='lat' dir='ltr'>cum</span> <span class='ocrx_word' id='word_1_677' title='bbox 1107 1671 1191 1699; x_wconf 83' lang='lat' dir='ltr'>alium</span> <span class='ocrx_word' id='word_1_678' title='bbox 1214 1682 1340 1712; x_wconf 85' lang='lat' dir='ltr'>prospere</span> <span class='ocrx_word' id='word_1_679' title='bbox 1354 1681 1476 1712; x_wconf 80' lang='lat' dir='ltr'>agentem</span> <span class='ocrx_word' id='word_1_680' title='bbox 1487 1675 1604 1714; x_wconf 80' lang='lat' dir='ltr'>viderit3</span> <span class='ocrx_word' id='word_1_681' title='bbox 1623 1687 1654 1705; x_wconf 83' lang='lat' dir='ltr'>ac</span> 
     </span>
     <span class='ocr_line' id='line_1_86' title="bbox 909 1716 1652 1756; baseline 0.008 -10"><span class='ocrx_word' id='word_1_682' title='bbox 909 1717 991 1746; x_wconf 79' lang='lat' dir='ltr'>veluti</span> <span class='ocrx_word' id='word_1_683' title='bbox 1007 1716 1118 1756; x_wconf 81' lang='lat' dir='ltr'>quidam</span> <span class='ocrx_word' id='word_1_684' title='bbox 1132 1717 1210 1746; x_wconf 83' lang='lat' dir='ltr'>fucus</span> <span class='ocrx_word' id='word_1_685' title='bbox 1221 1724 1269 1755; x_wconf 85' lang='lat' dir='ltr'>est,</span> <span class='ocrx_word' id='word_1_686' title='bbox 1284 1718 1330 1756; x_wconf 91' lang='lat' dir='ltr'>qui</span> <span class='ocrx_word' id='word_1_687' title='bbox 1347 1719 1446 1749; x_wconf 75' lang='lat' dir='ltr'>alienos</span> <span class='ocrx_word' id='word_1_688' title='bbox 1459 1720 1565 1750; x_wconf 82' lang='lat' dir='ltr'>labores</span> <span class='ocrx_word' id='word_1_689' title='bbox 1580 1722 1652 1752; x_wconf 81' lang='lat' dir='ltr'>labe-</span> 
     </span>
     <span class='ocr_line' id='line_1_87' title="bbox 910 1765 1655 1807; baseline 0.011 -14"><span class='ocrx_word' id='word_1_690' title='bbox 910 1766 1003 1802; x_wconf 79' lang='lat' dir='ltr'>factat3</span> <span class='ocrx_word' id='word_1_691' title='bbox 1021 1773 1045 1794; x_wconf 87' lang='lat' dir='ltr'>et</span> <span class='ocrx_word' id='word_1_692' title='bbox 1064 1776 1210 1804; x_wconf 80' lang='lat' dir='ltr'>numquam</span> <span class='ocrx_word' id='word_1_693' title='bbox 1232 1765 1289 1806; x_wconf 87' lang='lat' dir='ltr'>ipse</span> <span class='ocrx_word' id='word_1_694' title='bbox 1300 1777 1410 1807; x_wconf 84' lang='lat' dir='ltr'>surgere</span> <span class='ocrx_word' id='word_1_695' title='bbox 1423 1776 1517 1805; x_wconf 80' lang='lat' dir='ltr'>tentat,</span> <span class='ocrx_word' id='word_1_696' title='bbox 1532 1770 1578 1800; x_wconf 88' lang='lat' dir='ltr'>sset</span> <span class='ocrx_word' id='word_1_697' title='bbox 1591 1782 1655 1801; x_wconf 84' lang='lat' dir='ltr'>vero</span> 
     </span>
     <span class='ocr_line' id='line_1_88' title="bbox 909 1812 1655 1851; baseline 0.011 -11"><span class='ocrx_word' id='word_1_698' title='bbox 909 1823 970 1841; x_wconf 85' lang='lat' dir='ltr'>cum</span> <span class='ocrx_word' id='word_1_699' title='bbox 984 1812 1067 1840; x_wconf 79' lang='lat' dir='ltr'>alium</span> <span class='ocrx_word' id='word_1_700' title='bbox 1083 1819 1233 1851; x_wconf 81' lang='lat' dir='ltr'>surgentem</span> <span class='ocrx_word' id='word_1_701' title='bbox 1247 1812 1340 1850; x_wconf 76' lang='lat' dir='ltr'>videt,</span> <span class='ocrx_word' id='word_1_702' title='bbox 1351 1821 1377 1843; x_wconf 88' lang='lat' dir='ltr'>et</span> <span class='ocrx_word' id='word_1_703' title='bbox 1392 1816 1480 1845; x_wconf 87' lang='lat' dir='ltr'>omnia</span> <span class='ocrx_word' id='word_1_704' title='bbox 1494 1817 1557 1846; x_wconf 86' lang='lat' dir='ltr'>facit</span> <span class='ocrx_word' id='word_1_705' title='bbox 1571 1826 1601 1847; x_wconf 92' lang='lat' dir='ltr'>ut</span> <span class='ocrx_word' id='word_1_706' title='bbox 1621 1819 1655 1848; x_wconf 89' lang='lat' dir='ltr'>il-</span> 
     </span>
     <span class='ocr_line' id='line_1_89' title="bbox 909 1858 1655 1905; baseline 0.011 -18"><span class='ocrx_word' id='word_1_707' title='bbox 909 1860 967 1888; x_wconf 90' lang='lat' dir='ltr'>lum</span> <span class='ocrx_word' id='word_1_708' title='bbox 985 1858 1103 1898; x_wconf 80' lang='lat' dir='ltr'>dejiciat.</span> <span class='ocrx_word' id='word_1_709' title='bbox 1122 1858 1237 1887; x_wconf 82' lang='lat' dir='ltr'>cuinam</span> <span class='ocrx_word' id='word_1_710' title='bbox 1249 1859 1310 1898; x_wconf 89' lang='lat' dir='ltr'>quis</span> <span class='ocrx_word' id='word_1_711' title='bbox 1324 1860 1396 1890; x_wconf 87' lang='lat' dir='ltr'>hunc</span> <span class='ocrx_word' id='word_1_712' title='bbox 1411 1863 1535 1892; x_wconf 88' lang='lat' dir='ltr'>morbum</span> <span class='ocrx_word' id='word_1_713' title='bbox 1548 1875 1655 1905; x_wconf 83' lang='lat' dir='ltr'>compa-</span> 
     </span>
     <span class='ocr_line' id='line_1_90' title="bbox 911 1905 1656 1950; baseline 0.009 -16"><span class='ocrx_word' id='word_1_714' title='bbox 911 1905 1026 1934; x_wconf 71' lang='lat' dir='ltr'>raverit?</span> <span class='ocrx_word' id='word_1_715' title='bbox 1042 1905 1112 1934; x_wconf 87' lang='lat' dir='ltr'>Mihi</span> <span class='ocrx_word' id='word_1_716' title='bbox 1133 1905 1183 1934; x_wconf 89' lang='lat' dir='ltr'>hoc</span> <span class='ocrx_word' id='word_1_717' title='bbox 1198 1906 1309 1945; x_wconf 85' lang='lat' dir='ltr'>perinde</span> <span class='ocrx_word' id='word_1_718' title='bbox 1320 1918 1376 1937; x_wconf 88' lang='lat' dir='ltr'>csse</span> <span class='ocrx_word' id='word_1_719' title='bbox 1390 1908 1497 1939; x_wconf 82' lang='lat' dir='ltr'>videtur</span> <span class='ocrx_word' id='word_1_720' title='bbox 1510 1921 1540 1939; x_wconf 77' lang='lat' dir='ltr'>ae</span> <span class='ocrx_word' id='word_1_721' title='bbox 1556 1911 1579 1940; x_wconf 88' lang='lat' dir='ltr'>si</span> <span class='ocrx_word' id='word_1_722' title='bbox 1595 1912 1656 1950; x_wconf 88' lang='lat' dir='ltr'>quis</span> 
     </span>
     <span class='ocr_line' id='line_1_91' title="bbox 910 1952 1656 1996; baseline 0.015 -18"><span class='ocrx_word' id='word_1_723' title='bbox 910 1952 985 1992; x_wconf 80' lang='lat' dir='ltr'>piger</span> <span class='ocrx_word' id='word_1_724' title='bbox 992 1952 1083 1981; x_wconf 81' lang='lat' dir='ltr'>asinus</span> <span class='ocrx_word' id='word_1_725' title='bbox 1092 1959 1116 1980; x_wconf 88' lang='lat' dir='ltr'>et</span> <span class='ocrx_word' id='word_1_726' title='bbox 1127 1952 1290 1992; x_wconf 86' lang='lat' dir='ltr'>pinguedine</span> <span class='ocrx_word' id='word_1_727' title='bbox 1299 1955 1390 1993; x_wconf 77' lang='lat' dir='ltr'>gravis</span> <span class='ocrx_word' id='word_1_728' title='bbox 1402 1967 1464 1985; x_wconf 84' lang='lat' dir='ltr'>cum</span> <span class='ocrx_word' id='word_1_729' title='bbox 1472 1968 1539 1996; x_wconf 88' lang='lat' dir='ltr'>equo</span> <span class='ocrx_word' id='word_1_730' title='bbox 1551 1959 1656 1988; x_wconf 82' lang='lat' dir='ltr'>volucri</span> 
     </span>
     <span class='ocr_line' id='line_1_92' title="bbox 913 1999 1656 2044; baseline 0.012 -18"><span class='ocrx_word' id='word_1_731' title='bbox 913 1999 1080 2037; x_wconf 77' lang='lat' dir='ltr'>conjunctus,</span> <span class='ocrx_word' id='word_1_732' title='bbox 1095 2009 1179 2036; x_wconf 86' lang='lat' dir='ltr'>neque</span> <span class='ocrx_word' id='word_1_733' title='bbox 1195 1999 1252 2038; x_wconf 84' lang='lat' dir='ltr'>ipse</span> <span class='ocrx_word' id='word_1_734' title='bbox 1273 2010 1383 2039; x_wconf 79' lang='lat' dir='ltr'>surgere</span> <span class='ocrx_word' id='word_1_735' title='bbox 1397 2003 1477 2040; x_wconf 73' lang='lat' dir='ltr'>velit,</span> <span class='ocrx_word' id='word_1_736' title='bbox 1495 2011 1520 2033; x_wconf 90' lang='lat' dir='ltr'>et</span> <span class='ocrx_word' id='word_1_737' title='bbox 1538 2005 1656 2044; x_wconf 87' lang='lat' dir='ltr'>pondere</span> 
     </span>
     <span class='ocr_line' id='line_1_93' title="bbox 910 2045 1655 2089; baseline 0.012 -16"><span class='ocrx_word' id='word_1_738' title='bbox 910 2046 1032 2074; x_wconf 83' lang='lat' dir='ltr'>earnium</span> <span class='ocrx_word' id='word_1_739' title='bbox 1055 2045 1143 2085; x_wconf 80' lang='lat' dir='ltr'>ipsum</span> <span class='ocrx_word' id='word_1_740' title='bbox 1167 2053 1276 2074; x_wconf 80' lang='lat' dir='ltr'>conetur</span> <span class='ocrx_word' id='word_1_741' title='bbox 1292 2046 1440 2078; x_wconf 80' lang='lat' dir='ltr'>detrahere.</span> <span class='ocrx_word' id='word_1_742' title='bbox 1456 2051 1525 2079; x_wconf 84' lang='lat' dir='ltr'>Nam</span> <span class='ocrx_word' id='word_1_743' title='bbox 1547 2059 1571 2080; x_wconf 91' lang='lat' dir='ltr'>et</span> <span class='ocrx_word' id='word_1_744' title='bbox 1595 2053 1655 2089; x_wconf 86' lang='lat' dir='ltr'>hic,</span> 
     </span>
     <span class='ocr_line' id='line_1_94' title="bbox 911 2091 1656 2133; baseline 0.013 -14"><span class='ocrx_word' id='word_1_745' title='bbox 911 2099 939 2120; x_wconf 92' lang='lat' dir='ltr'>ut</span> <span class='ocrx_word' id='word_1_746' title='bbox 956 2092 1013 2132; x_wconf 86' lang='lat' dir='ltr'>ipse</span> <span class='ocrx_word' id='word_1_747' title='bbox 1023 2103 1038 2120; x_wconf 84' lang='lat' dir='ltr'>a</span> <span class='ocrx_word' id='word_1_748' title='bbox 1056 2091 1190 2131; x_wconf 85' lang='lat' dir='ltr'>profundo</span> <span class='ocrx_word' id='word_1_749' title='bbox 1202 2103 1295 2121; x_wconf 81' lang='lat' dir='ltr'>somno</span> <span class='ocrx_word' id='word_1_750' title='bbox 1306 2093 1446 2133; x_wconf 80' lang='lat' dir='ltr'>liberetur,</span> <span class='ocrx_word' id='word_1_751' title='bbox 1461 2097 1531 2126; x_wconf 90' lang='lat' dir='ltr'>nihil</span> <span class='ocrx_word' id='word_1_752' title='bbox 1546 2109 1594 2128; x_wconf 89' lang='lat' dir='ltr'>nec</span> <span class='ocrx_word' id='word_1_753' title='bbox 1607 2110 1656 2128; x_wconf 91' lang='lat' dir='ltr'>eo-</span> 
     </span>
     <span class='ocr_line' id='line_1_95' title="bbox 911 2138 1655 2184; baseline 0.011 -18"><span class='ocrx_word' id='word_1_754' title='bbox 911 2149 926 2160; x_wconf 73' lang='lat'>¹</span> <span class='ocrx_word' id='word_1_755' title='bbox 912 2138 979 2175; x_wconf 56' lang='lat' dir='ltr'>„itat</span> <span class='ocrx_word' id='word_1_756' title='bbox 1001 2149 1049 2167; x_wconf 86' lang='lat' dir='ltr'>nec</span> <span class='ocrx_word' id='word_1_757' title='bbox 1066 2145 1157 2175; x_wconf 69' lang='lat' dir='ltr'>cuiat5</span> <span class='ocrx_word' id='word_1_758' title='bbox 1169 2138 1235 2167; x_wconf 81' lang='lat' dir='ltr'>nihil</span> <span class='ocrx_word' id='word_1_759' title='bbox 1255 2150 1319 2168; x_wconf 61' lang='lat' dir='ltr'>xero</span> <span class='ocrx_word' id='word_1_760' title='bbox 1332 2151 1383 2169; x_wconf 90' lang='lat' dir='ltr'>non</span> <span class='ocrx_word' id='word_1_761' title='bbox 1397 2142 1464 2181; x_wconf 76' lang='lat' dir='ltr'>agit,</span> <span class='ocrx_word' id='word_1_762' title='bbox 1481 2151 1509 2172; x_wconf 87' lang='lat' dir='ltr'>ut</span> <span class='ocrx_word' id='word_1_763' title='bbox 1529 2155 1589 2173; x_wconf 79' lang='lat' dir='ltr'>eum</span> <span class='ocrx_word' id='word_1_764' title='bbox 1607 2146 1655 2184; x_wconf 88' lang='lat' dir='ltr'>qui</span> 
     </span>
     <span class='ocr_line' id='line_1_96' title="bbox 911 2164 1656 2227; baseline 0.013 -16"><span class='ocrx_word' id='word_1_765' title='bbox 911 2184 937 2212; x_wconf 89' lang='lat' dir='ltr'>in</span> <span class='ocrx_word' id='word_1_766' title='bbox 948 2184 1044 2212; x_wconf 62' lang='lat' dir='ltr'>calum</span> <span class='ocrx_word' id='word_1_767' title='bbox 1056 2183 1163 2212; x_wconf 76' lang='lat' dir='ltr'>advolat</span> <span class='ocrx_word' id='word_1_768' title='bbox 1180 2185 1333 2224; x_wconf 75' lang='lat' dir='ltr'>supplantet</span> <span class='ocrx_word' id='word_1_769' title='bbox 1347 2194 1372 2215; x_wconf 90' lang='lat' dir='ltr'>et</span> <span class='ocrx_word' id='word_1_770' title='bbox 1385 2164 1502 2227; x_wconf 75' lang='lat' dir='ltr'>dejiciat,</span> <span class='ocrx_word' id='word_1_771' title='bbox 1517 2198 1656 2221; x_wconf 78' lang='lat' dir='ltr'>accuratus</span> 
     </span>
     <span class='ocr_line' id='line_1_97' title="bbox 911 2230 1656 2267; baseline 0.012 -9"><span class='ocrx_word' id='word_1_772' title='bbox 911 2230 1013 2259; x_wconf 78' lang='lat' dir='ltr'>diaboli</span> <span class='ocrx_word' id='word_1_773' title='bbox 1034 2230 1151 2259; x_wconf 80' lang='lat' dir='ltr'>imitatur</span> <span class='ocrx_word' id='word_1_774' title='bbox 1167 2230 1260 2260; x_wconf 72' lang='lat' dir='ltr'>sa1..tus</span> <span class='ocrx_word' id='word_1_775' title='bbox 1278 2232 1344 2260; x_wconf 79' lang='lat' dir='ltr'>Nam</span> <span class='ocrx_word' id='word_1_776' title='bbox 1362 2240 1387 2261; x_wconf 88' lang='lat' dir='ltr'>et</span> <span class='ocrx_word' id='word_1_777' title='bbox 1402 2233 1447 2263; x_wconf 88' lang='lat' dir='ltr'>ille</span> <span class='ocrx_word' id='word_1_778' title='bbox 1459 2235 1553 2265; x_wconf 76' lang='lat' dir='ltr'>videns</span> <span class='ocrx_word' id='word_1_779' title='bbox 1569 2237 1656 2267; x_wconf 83' lang='lat' dir='ltr'>homi-</span> 
     </span>
     <span class='ocr_line' id='line_1_98' title="bbox 912 2276 1658 2319; baseline 0.012 -15"><span class='ocrx_word' id='word_1_780' title='bbox 912 2276 1009 2305; x_wconf 85' lang='lat' dir='ltr'>nemin</span> <span class='ocrx_word' id='word_1_781' title='bbox 1022 2276 1212 2316; x_wconf 79' lang='lat' dir='ltr'>paradi50‚non</span> <span class='ocrx_word' id='word_1_782' title='bbox 1225 2277 1282 2317; x_wconf 87' lang='lat' dir='ltr'>ipse</span> <span class='ocrx_word' id='word_1_783' title='bbox 1291 2278 1394 2308; x_wconf 76' lang='lat' dir='ltr'>studuit</span> <span class='ocrx_word' id='word_1_784' title='bbox 1407 2282 1515 2319; x_wconf 77' lang='lat' dir='ltr'>mutari,</span> <span class='ocrx_word' id='word_1_785' title='bbox 1523 2283 1569 2312; x_wconf 85' lang='lat' dir='ltr'>sed</span> <span class='ocrx_word' id='word_1_786' title='bbox 1581 2284 1658 2314; x_wconf 82' lang='lat' dir='ltr'>illum</span> 
     </span>
     <span class='ocr_line' id='line_1_99' title="bbox 912 2323 1657 2363; baseline 0.012 -12"><span class='ocrx_word' id='word_1_787' title='bbox 912 2323 1005 2361; x_wconf 86' lang='lat' dir='ltr'>ejicere</span> <span class='ocrx_word' id='word_1_788' title='bbox 1016 2334 1046 2351; x_wconf 74' lang='lat' dir='ltr'>ex</span> <span class='ocrx_word' id='word_1_789' title='bbox 1063 2323 1236 2363; x_wconf 62' lang='lat' dir='ltr'>paradisowt</span> <span class='ocrx_word' id='word_1_790' title='bbox 1248 2335 1340 2353; x_wconf 80' lang='lat' dir='ltr'>rursus</span> <span class='ocrx_word' id='word_1_791' title='bbox 1353 2325 1447 2356; x_wconf 73' lang='lat' dir='ltr'>videns</span> <span class='ocrx_word' id='word_1_792' title='bbox 1458 2327 1534 2357; x_wconf 90' lang='lat' dir='ltr'>illum</span> <span class='ocrx_word' id='word_1_793' title='bbox 1551 2329 1576 2358; x_wconf 89' lang='lat' dir='ltr'>in</span> <span class='ocrx_word' id='word_1_794' title='bbox 1592 2331 1657 2360; x_wconf 79' lang='lat' dir='ltr'>caelo</span> 
     </span>
     <span class='ocr_line' id='line_1_100' title="bbox 913 2368 1656 2414; baseline 0.012 -17"><span class='ocrx_word' id='word_1_795' title='bbox 913 2368 1059 2405; x_wconf 85' lang='lat' dir='ltr'>sedentem,</span> <span class='ocrx_word' id='word_1_796' title='bbox 1075 2376 1100 2398; x_wconf 91' lang='lat' dir='ltr'>ct</span> <span class='ocrx_word' id='word_1_797' title='bbox 1117 2369 1183 2397; x_wconf 78' lang='lat' dir='ltr'>alios</span> <span class='ocrx_word' id='word_1_798' title='bbox 1200 2369 1246 2398; x_wconf 83' lang='lat' dir='ltr'>illo</span> <span class='ocrx_word' id='word_1_799' title='bbox 1261 2371 1422 2408; x_wconf 75' lang='lat' dir='ltr'>festinantes,</span> <span class='ocrx_word' id='word_1_800' title='bbox 1440 2373 1557 2414; x_wconf 82' lang='lat' dir='ltr'>idipsum</span> <span class='ocrx_word' id='word_1_801' title='bbox 1571 2376 1656 2406; x_wconf 84' lang='lat' dir='ltr'>medi-</span> 
     </span>
     <span class='ocr_line' id='line_1_101' title="bbox 914 2415 1658 2458; baseline 0.012 -15"><span class='ocrx_word' id='word_1_802' title='bbox 914 2422 1004 2452; x_wconf 77' lang='lat' dir='ltr'>tatur,</span> <span class='ocrx_word' id='word_1_803' title='bbox 1021 2426 1064 2444; x_wconf 87' lang='lat' dir='ltr'>eos</span> <span class='ocrx_word' id='word_1_804' title='bbox 1085 2416 1130 2454; x_wconf 88' lang='lat' dir='ltr'>qui</span> <span class='ocrx_word' id='word_1_805' title='bbox 1157 2415 1203 2444; x_wconf 89' lang='lat' dir='ltr'>illo</span> <span class='ocrx_word' id='word_1_806' title='bbox 1228 2425 1341 2455; x_wconf 78' lang='lat' dir='ltr'>pergunt</span> <span class='ocrx_word' id='word_1_807' title='bbox 1355 2419 1576 2458; x_wconf 74' lang='lat' dir='ltr'>supplantans,et</span> <span class='ocrx_word' id='word_1_808' title='bbox 1596 2423 1658 2452; x_wconf 87' lang='lat' dir='ltr'>hinc</span> 
     </span>
     <span class='ocr_line' id='line_1_102' title="bbox 916 2461 1657 2507; baseline 0.013 -18"><span class='ocrx_word' id='word_1_809' title='bbox 916 2462 1043 2501; x_wconf 76' lang='lat' dir='ltr'>majorem</span> <span class='ocrx_word' id='word_1_810' title='bbox 1058 2461 1108 2490; x_wconf 82' lang='lat' dir='ltr'>sibi</span> <span class='ocrx_word' id='word_1_811' title='bbox 1128 2472 1271 2501; x_wconf 78' lang='lat' dir='ltr'>congerens</span> <span class='ocrx_word' id='word_1_812' title='bbox 1292 2464 1436 2494; x_wconf 73' lang='lat' dir='ltr'>fornacem.</span> <span class='ocrx_word' id='word_1_813' title='bbox 1455 2467 1562 2507; x_wconf 87' lang='lat' dir='ltr'>Ubique</span> <span class='ocrx_word' id='word_1_814' title='bbox 1587 2469 1657 2500; x_wconf 88' lang='lat' dir='ltr'>enim</span> 
     </span>
    </p>
   </div>
  </div>
 </body>
</html>
