1891 2866
114 698 198 725 ιῑμιη.
208 698 256 725 04.

270 180 337 223 276
616 192 644 215 s.
673 192 812 214 JOxNle
838 192 1016 215 cnnrsosr.

265 271 348 297 gnum
358 260 458 298 ubique
467 260 649 297 circumferre;
661 261 746 290 multo
759 261 843 300 magis
858 272 904 301 per
922 271 1002 300 opera

266 306 317 335 hoc
333 306 469 335 ostendere
492 313 603 346 oportet.
620 307 665 336 Sic
685 314 755 336 certe
769 307 862 346 priscae
877 307 1001 335 mulieres
1010 330 1044 348 235

264 359 289 380 et
305 352 428 381 dominos
443 352 514 384 viros
528 353 669 389 vocabant,
681 362 705 382 ct
719 354 817 393 primas
830 354 893 393 ipsis
907 364 1000 381 conec·
1019 360 1036 379 Α

263 398 370 427 debant.
380 399 448 427 Nam
457 405 481 427 et
491 399 540 435 illi,
555 399 670 437 inquics,
685 410 781 428 uxores
793 410 853 428 suas
867 399 999 428 amabant.

263 444 320 473 Hoc
335 446 398 473 novi
413 455 460 473 nec
478 445 571 483 ignoro
586 457 592 472 :
606 445 653 474 scd
670 456 730 473 cum
746 452 771 474 te
784 445 817 473 de
828 445 860 473 iis
874 456 933 483 qnae
950 445 999 473 tibi

263 490 423 519 conveniunt
441 491 625 523 admonemus,
649 502 700 519 non
725 502 782 529 qnae
804 491 914 519 illorum
939 497 1000 519 sunt

263 543 374 576 spectes.
389 537 456 565 Nam
469 547 528 565 cuni
539 547 635 576 pucros
647 536 822 565 adhortamur
833 536 1001 575 dicimusque

264 588 293 610 ut
316 582 471 622 parentibus
494 582 690 620 obsequantur,
707 582 770 620 quia
798 581 927 620 scriptum
942 588 1000 610 est:

114 636 193 657 Eroti.
207 641 243 656 20.
265 629 388 657 Honora
399 635 511 667 patrem
529 635 610 656 tuum
628 634 655 656 et
669 635 789 656 {narrem
801 634 900 662 mam5
909 627 1002 656 dicunt

267 674 307 702 illi
323 675 408 710 nobis,
424 675 514 703 Profer
533 674 612 702 ctiam
626 684 655 702 ca
677 684 736 711 quae
760 680 926 711 sequuntur:
946 675 1002 703 Vos

267 731 380 759 quoque
390 727 487 759 patres
507 720 596 748 nolite
616 720 656 747 ad
670 721 745 747 iram
756 719 1004 759 provocarefilios

265 772 388 794 vestros.
403 765 437 793 Et
459 776 520 793 cum
540 764 623 793 servis
647 764 763 793 dicimus
785 765 916 803 scriptum
934 775 1000 800 esse,

117 813 168 835 Col.
180 813 202 835 3.
216 813 253 835 32.
265 811 336 848 quod
361 810 538 839 obediendum
558 810 593 839 sit
607 809 733 846 dominis,
747 821 831 848 neque
844 810 878 839 ad
893 811 1002 839 oculum

263 857 434 885 serviendum
446 867 501 885 esse
515 856 581 892 illis;
593 863 618 885 et
631 856 668 884 ini
683 867 772 885 rursus
782 867 840 895 quae
854 865 1002 895 sequuntur
1018 863 1035 885 Β

261 913 277 930 a
292 902 372 931 nobis
385 903 513 941 exigunt,
526 902 648 942 jubentes
661 902 776 931 dominis
792 913 898 942 quoque
909 903 1000 932 eadem

262 948 384 977 suadere.
400 949 470 977 Nam
491 949 545 977 illis
573 959 686 987 quoque,
711 948 848 986 inquiunt,
875 949 1001 988 praecepit

263 995 375 1032 Paulus,
389 995 475 1024 minas
489 996 630 1024 remittere.
643 995 695 1024 Sed
711 1006 743 1024 ne
757 995 795 1024 sic
808 996 1000 1033 saciamus‚ne-

263 1051 314 1079 que
327 1052 356 1070 ea
367 1052 424 1080 qum
437 1041 496 1070 aliis
507 1048 637 1081 praecepta
651 1048 713 1070 sunt
727 1052 885 1080 qrnoeramus,
894 1042 1001 1080 quando

263 1086 298 1115 de
323 1087 356 1116 iis
383 1098 442 1126 quse
456 1087 490 1116 ad
506 1098 552 1116 nos
574 1087 705 1126 pertinent
725 1098 898 1124 accusamur;
918 1098 1002 1127 neque

262 1133 342 1170 enim,
355 1133 376 1161 si
390 1134 491 1162 socium
517 1133 659 1162 criminum
674 1133 798 1173 accipias,
812 1145 826 1162 a
839 1134 918 1173 culpa
933 1134 1001 1163 libe-

261 1179 362 1208 raberis
375 1179 438 1208 :sed
458 1179 509 1208 hoc
522 1190 607 1208 unum
625 1186 714 1218 specta
728 1186 758 1208 ut
772 1186 796 1208 te
813 1190 828 1208 a
842 1179 1001 1209 criminibus

261 1223 366 1253 liberes.
381 1226 450 1254 Nam
465 1224 553 1253 Adam
568 1225 594 1253 in
613 1225 752 1254 mulierem
775 1226 882 1265 culpam
904 1226 999 1254 refere-

261 1271 316 1306 bat,
330 1277 355 1299 et
375 1271 422 1299 illa
442 1282 549 1300 rursum
572 1271 599 1300 in
617 1278 778 1310 serpentem;
797 1272 844 1300 sed
868 1283 919 1300 non
940 1272 1001 1301 illos

262 1317 312 1345 hoc
323 1317 429 1356 eripuit.
441 1318 480 1346 Ne
493 1318 582 1356 itaque
592 1324 620 1346 tu
632 1318 683 1346 hoc
694 1318 761 1346 mihi
776 1328 846 1347 nunc
860 1318 945 1355 dicas,
954 1318 1000 1347 sed
1017 1320 1035 1343 C

261 1369 336 1400 grato
353 1373 414 1391 cum
427 1363 518 1391 animo
529 1374 588 1401 quoe
607 1364 703 1392 marito
717 1363 798 1392 debes
813 1371 940 1403 praestare
955 1375 1000 1392 cu-

260 1417 310 1434 res.
334 1406 408 1436 Nam
431 1414 456 1436 et
478 1407 582 1446 quando
606 1408 732 1437 maritum
761 1415 837 1438 tuum
861 1409 1000 1448 alloquor,

259 1454 404 1484 adhortans
416 1463 446 1484 ut
459 1463 484 1484 te
494 1455 591 1495 diligat
606 1463 631 1485 et
643 1457 682 1485 tui
697 1468 786 1486 curam
802 1464 884 1496 gerat,
894 1468 946 1486 non
962 1457 999 1486 si-

260 1511 294 1529 no
309 1501 386 1529 illum
405 1502 432 1530 in
451 1501 569 1530 medium
582 1503 675 1531 afferre
690 1503 776 1542 legem
791 1504 825 1533 de
836 1506 948 1535 muliere
956 1507 999 1536 la·-

259 1554 327 1583 tam,
341 1548 385 1576 sed
408 1548 494 1586 legem
514 1548 548 1577 de
573 1549 619 1577 illo
637 1550 764 1589 scriptam
787 1552 902 1589 requiro.
916 1553 951 1582 Et
971 1560 999 1582 tu

257 1592 342 1630 igitur
356 1604 397 1630 ea,
412 1604 470 1632 quae
485 1594 520 1622 ad
535 1601 561 1623 te
574 1602 708 1633 spectant,
725 1596 780 1625 sola
792 1598 895 1627 curiose
908 1599 1000 1638 inqui-

258 1649 295 1675 re,
307 1645 333 1667 et
346 1646 373 1668 te
393 1640 501 1679 conjugi
522 1641 681 1679 morigeram
702 1643 800 1681 praebe.
815 1645 884 1673 Nam
895 1645 917 1674 si
933 1657 1000 1685 pro-

258 1691 316 1723 pter
335 1686 422 1714 Deum
443 1687 539 1715 marito
562 1687 727 1726 obsequaris,
744 1700 776 1718 ne
801 1690 866 1719 mihi
881 1692 999 1731 proferas

256 1742 286 1759 ea
304 1743 362 1770 quae
377 1732 434 1772 ipse
447 1740 573 1772 praestare
585 1734 678 1771 debet;
693 1735 740 1764 sed
753 1747 782 1765 ea
797 1738 896 1775 quibus
908 1746 934 1768 te
952 1740 1000 1768 ob-

257 1778 367 1806 noxiam
384 1779 520 1817 legislator
531 1780 601 1817 fecit,
620 1781 675 1809 haec
692 1781 834 1820 diligenter
844 1795 995 1823 exsequere.

259 1823 316 1851 Hoc
329 1824 400 1852 enim
421 1831 459 1853 est
482 1825 599 1853 maxime
613 1827 670 1855 Deo
689 1827 880 1867 obtemperare,
894 1831 998 1860 etiamsi
1016 1829 1033 1852 ⁰

257 1870 388 1899 contraria
415 1870 532 1910 patiaris,
556 1871 642 1910 legem
670 1883 722 1901 non
748 1875 907 1913 transgredi.
934 1877 999 1906 Ideo

258 1917 329 1945 enim
347 1916 394 1955 qui
414 1927 441 1945 se
460 1924 592 1946 amantem
616 1925 697 1954 amat,
716 1918 784 1948 nihil
808 1922 898 1960 magni
914 1923 1000 1952 facere

259 1963 379 1991 videtur:
390 1963 436 2000 qui
456 1973 520 1991 vero
534 1974 562 1991 se
577 1963 710 1993 odientem
731 1966 805 2001 colit,
817 1966 862 1995 hic
883 1969 1000 1998 maxime

259 2013 297 2035 est
311 2006 357 2044 qui
378 2014 527 2036 coronatur.
543 2007 645 2036 Eodem
658 2019 764 2047 quoque
779 2011 858 2040 modo
873 2019 902 2041 tu
912 2020 999 2042 tecum

259 2059 362 2092 reputa,
372 2052 444 2090 quod
458 2053 480 2081 si
494 2053 634 2083 molestum
648 2055 696 2083 tibi
713 2056 803 2085 virum
817 2058 895 2096 feras,
911 2060 1001 2099 splen-

258 2098 353 2127 didam
371 2098 484 2137 accipies
506 2109 631 2128 coronam
643 2113 649 2128 :
663 2101 703 2130 sin
722 2111 891 2133 mansuetum
906 2112 930 2134 et
949 2106 1000 2134 mi-

258 2151 328 2181 tem,
347 2155 428 2182 quam
447 2144 497 2172 tibi
522 2146 594 2174 Deus
614 2146 690 2175 dabit
704 2149 871 2179 mercedem?
888 2151 923 2180 Et
944 2152 1000 2181 haec

258 2190 320 2219 dico
332 2201 385 2219 non
394 2190 490 2229 jubens
500 2191 609 2220 maritos
621 2203 676 2221 esse
690 2204 775 2223 saevos
790 2202 815 2224 et
825 2207 940 2236 asperos,
953 2198 998 2228 sed

259 2236 422 2275 persuadens
442 2237 600 2265 mulieribus
614 2245 644 2266 ut
666 2239 738 2268 viros
754 2242 834 2270 etiam
848 2243 945 2273 feroces
959 2246 999 2274 fe-

258 2289 327 2311 rant.
338 2282 408 2311 Cum
423 2282 494 2310 enim
508 2283 689 2322 unusquisque
700 2295 747 2314 sua
761 2286 873 2326 implere
887 2300 998 2319 curave-

258 2330 302 2366 rit,
312 2328 403 2357 statim
416 2335 560 2366 sequentur
574 2329 653 2358 etiam
668 2341 698 2359 ea
712 2343 772 2370 qum
787 2341 848 2362 sunt
860 2337 977 2374 proximi
991 2349 996 2365 :
1014 2334 1032 2356 Ε

257 2374 376 2414 exempli
388 2385 468 2403 causa
491 2385 552 2403 cum
570 2386 639 2404 uxor
659 2385 749 2416 parata
765 2379 843 2408 fuerit
860 2381 894 2409 ad
907 2383 997 2412 virum

258 2432 382 2461 asperum
395 2420 549 2457 serendum,
561 2428 586 2450 et
605 2422 649 2451 vir
661 2423 840 2463 importunam
857 2427 931 2456 illam
946 2440 998 2458 non

259 2468 417 2497 contumelia
436 2468 568 2505 affecerit,
583 2476 647 2498 tunc
667 2471 754 2500 omnia
770 2474 896 2503 serenitas
910 2484 997 2515 erunt,

1047 193 1201 215 Ancmm‘.

1233 193 1498 216 CONSTxNTmDP.

1056 260 1131 290 ὅολον
1150 262 1285 300 πανταχοῦ
1305 259 1461 300 περιφέρειν,
1473 262 1563 300 πολλῷ
1584 263 1682 299 μᾶλλον
1704 262 1746 292 διὰ
1766 265 1817 292 τῶν

1054 306 1171 346 πράξεων
1182 309 1258 336 τοῦτο
1273 306 1464 335 ἐπιδείκνυσθαι
1486 307 1546 346 χρή.
1564 307 1643 337 Οὕτω
1659 312 1718 347 γοῦν
1734 309 1779 338 καὶ
1791 312 1818 338 αἱ

1054 352 1178 391 πρότεραι
1192 358 1310 390 γυναῖκες
1329 353 1373 381 καὶ
1387 352 1489 392 κυρίους
1509 352 1568 386 τοὺς
1591 354 1685 392 ἄνδρας
1699 354 1818 391 ἐκάλουν,

1052 397 1095 426 καὶ
1105 399 1155 426 τῶν
1167 399 1300 438 πρωτείων
1314 400 1399 431 αὐτοῖς
1411 399 1589 439 παρεχώρουν.
1598 399 1650 428 Καὶ
1658 400 1708 440 γὰρ
1717 402 1818 436 ἐκεῖνοι,

1052 443 1129 482 φησί,
1145 443 1192 477 τὰς
1205 449 1328 483 γυναῖκας
1338 444 1448 484 ἠγάπων
1463 447 1509 478 τὰς
1524 447 1631 474 ἑαυτῶν.
1646 442 1715 475 Οἶδα
1729 446 1817 485 κάγὼ,

1052 489 1096 518 καὶ
1110 491 1155 518 οὐκ
1170 491 1253 528 ἀγνοῶ
1265 502 1272 508 ·
1287 491 1344 519 ἀλλ’
1360 490 1421 519 ὅταν
1436 491 1501 531 ὖπὲρ
1513 493 1564 519 τῶν
1578 503 1618 520 σοι
1631 492 1818 531 προσηκόντων

1051 538 1229 574 παραινῶμεν,
1245 536 1281 574 μὴ
1303 536 1336 565 τὰ
1359 536 1463 565 ἐκείνων
1485 537 1586 566 σκόπει.
1604 538 1656 566 Καὶ
1680 538 1731 578 γὰρ
1757 538 1818 567 ὅταν

1053 581 1128 609 παισὶ
1146 584 1315 620 παραινῶμεν
1341 582 1478 611 ὑπακούειν
1501 586 1604 621 γονεῦσι
1625 583 1762 622 λέγοντες,
1779 583 1818 613 ὅτι

1053 625 1211 666 γέγραπται,
1226 626 1301 664 Τίμα
1317 627 1360 655 τὸν
1375 627 1476 667 πατέρα
1498 640 1543 656 σου
1554 651 1561 663 ,
1583 629 1628 657 καὶ
1646 629 1694 664 τὴν
1717 630 1818 669 μητέρα

1054 683 1116 707 σου,
1127 671 1231 710 λέγουσι
1254 672 1317 710 πρὸς
1338 675 1421 710 ἡμᾶς,
1435 672 1491 701 εἰπὲ
1513 674 1558 701 καὶ
1571 673 1604 702 τὰ
1627 674 1699 710 ἑξῆς,
1714 675 1754 704 ὅτι
1773 676 1819 705 καὶ

1055 719 1127 755 ὑμεῖς
1149 719 1184 746 Οἱ
1195 722 1278 756 γονεῖς
1300 717 1336 755 μὴ
1355 718 1524 758 παροργίζετε
1547 718 1580 748 τὰ
1599 719 1693 749 τέκνα·
1708 721 1753 750 καὶ
1767 725 1820 754 τοῖς

1056 762 1154 796 δούλοις
1175 761 1235 791 ὅταν
1251 762 1375 801 εἴπωμεν,
1390 763 1429 791 ὅτι
1449 763 1596 803 γέγραπται
1610 765 1752 795 ὑπακούειν
1766 772 1820 800 τοῖς

1054 807 1167 847 κυρίοις,
1181 808 1225 836 καὶ
1241 808 1277 846 μὴ
1293 810 1351 837 κατ’
1368 809 1603 848 ὀφθαλμοδουλείαν
1619 811 1758 849 δουλεύειν,
1774 813 1820 841 καὶ

1054 854 1126 882 αὐτοὶ
1137 853 1216 882 πάλιν
1231 854 1264 882 τὰ
1283 854 1342 889 ἑξῆς
1357 856 1427 892 ἡμᾶς
1440 857 1594 892 ἀπαιτοῦσι,
1609 857 1758 891 κελεύοντες
1770 858 1816 887 καὶ

1051 904 1105 933 τοῖς
1117 900 1254 934 δεσπόταις
1269 900 1302 929 τὰ
1320 900 1386 929 αὐτὰ
1406 905 1551 941 παραινεῖν.
1566 901 1618 930 Καὶ
1631 902 1682 942 γὰρ
1695 903 1739 932 καὶ
1752 904 1818 933 ἐκεί-

1052 958 1103 978 νοις
1116 948 1130 974 ὁ
1141 947 1244 978 Παῦλος
1261 945 1380 975 ἐκέλευσε
1389 969 1396 982 ,
1411 947 1498 986 φησὶν,
1513 947 1612 976 ἀνιέναι
1625 948 1674 984 τὴν
1695 949 1816 985 ἀπειλήν.

1053 992 1130 1021 Ἀλλὰ
1148 991 1184 1030 μὴ
1206 992 1273 1021 οὕτω
1295 995 1422 1030 ποιῶμεν,
1437 993 1504 1030 μηδὲ
1525 993 1558 1022 τὰ
1580 994 1676 1034 ἑτέροις
1695 998 1818 1025 ἐπιτετα-

1052 1038 1136 1076 γμένα
1146 1040 1276 1077 ζητῶμεν,
1289 1038 1349 1067 ὅταν
1358 1038 1423 1078 ὑπὲρ
1430 1041 1481 1068 τῶν
1491 1040 1625 1079 ἡμετέρων
1633 1042 1803 1081 ε’γκαλώμεθα
1811 1055 1817 1060 ·

1053 1084 1109 1114 οὐδὲ
1120 1084 1183 1123 γὰρ,
1195 1084 1225 1112 ἂν
1237 1085 1358 1114 κοινωνὸν
1372 1085 1456 1123 λαίὸῃς
1470 1088 1521 1114 τῶν
1537 1087 1719 1125 ἐγκλημάτων,
1732 1089 1818 1118 ἀπαλ-

1053 1131 1155 1170 λαγῆσῃ
1169 1133 1216 1166 τῆς
1230 1131 1315 1164 αἰτίας
1324 1142 1329 1148 ·
1343 1132 1400 1159 ἀλλ’
1415 1131 1440 1159 ’ἐν
1452 1131 1544 1160 σκόπει
1559 1132 1645 1170 μόνον,
1657 1133 1726 1167 ὅπως
1737 1134 1771 1164 τὰ
1782 1135 1816 1164 σὰ

1053 1176 1209 1215 ἐγκλήματα
1228 1176 1356 1216 ἀποδύσῃ.
1375 1176 1452 1205 Ἐπεὶ
1465 1178 1510 1206 καὶ
1526 1179 1540 1206 ὁ
1553 1177 1635 1217 Ἀδὰμ
1650 1180 1694 1208 ἐπὶ
1705 1179 1753 1216 τὴν
1767 1193 1817 1220 γυ-

1052 1227 1129 1252 ναῖκα
1146 1223 1193 1258 τὴν
1206 1222 1291 1251 αἰτίαν
1303 1222 1392 1262 ἔφερε,
1404 1223 1449 1252 καὶ
1464 1223 1528 1259 αὕτη
1542 1224 1620 1253 πάλιν
1636 1225 1679 1254 ἐπὶ
1692 1226 1735 1256 τὸν
1750 1227 1818 1266 ὄφιν,

1051 1273 1061 1284 ³
1071 1269 1128 1297 ἀλλ’
1141 1269 1212 1297 οὐδὲν
1225 1268 1316 1301 αὐτοὺς
1328 1271 1404 1297 τοῦτο
1418 1268 1535 1302 ἐξείλετο.
1548 1269 1594 1305 Μὴ
1608 1270 1692 1300 τοίνυν
1706 1272 1772 1310 μηδὲ
1785 1272 1816 1302 σὺ

1052 1317 1128 1344 τοῦτο
1141 1315 1201 1353 λε’γε
1214 1327 1258 1353 μοι
1272 1319 1325 1351 νῦν,
1341 1315 1409 1343 ἀλλὰ
1423 1315 1553 1349 σπούδαζε
1573 1316 1640 1354 μετὰ
1652 1318 1817 1357 εὐγνωμοσύ-

1052 1373 1097 1396 νης
1114 1360 1218 1396 ἁπάσης
1228 1360 1363 1400 παρέχειν,
1376 1361 1443 1400 ἅπερ
1457 1361 1580 1400 ὀφείλεις,
1595 1364 1632 1402 τῷ
1647 1363 1729 1402 ἀνδρί.
1739 1363 1816 1393 Ἐπεὶ

1052 1407 1096 1435 καὶ
1110 1406 1171 1436 ὅταν
1192 1409 1229 1446 τῷ
1243 1407 1317 1445 ἀνδρὶ
1332 1408 1369 1446 τῷ
1384 1409 1422 1445 σῷ
1439 1407 1615 1446 διαλέγωμαι,
1629 1409 1815 1447 συμὸουλεύων

1053 1465 1082 1482 σε
1105 1455 1210 1492 ἀγαπᾷν
1224 1453 1268 1481 καὶ
1283 1452 1442 1493 θεραπεύειν,
1465 1454 1511 1482 οὐκ
1535 1454 1631 1494 ἀφίημι
1654 1454 1730 1484 αὑτὸν
1748 1467 1815 1495 προ-

1053 1503 1165 1538 ενεγκεῖν
1180 1500 1216 1532 εἷς
1239 1499 1317 1537 μέσον
1336 1500 1380 1528 τὸν
1403 1501 1436 1538 τῇ
1459 1500 1563 1538 γυναικὶ
1583 1500 1702 1539 κείμενον
1725 1501 1814 1540 νόμον,

1052 1544 1121 1574 dn&
1133 1545 1177 1574 τὸν
1191 1546 1261 1584 αὐτῷ
1281 1545 1461 1585 γεγραμμένον
1479 1547 1592 1575 ἀπαιτῶ.
1614 1546 1667 1575 Καὶ
1685 1545 1716 1575 σὺ
1731 1546 1815 1576 τοίνυν

1052 1591 1085 1620 τοί
1103 1603 1144 1620 σοι
1163 1591 1331 1630 προσήκοντα
1353 1591 1523 1630 περιεργάζου
1543 1592 1624 1629 μόνα,
1649 1592 1695 1622 καὶ
1715 1592 1815 1633 πάρεχε

1051 1637 1149 1673 σαυτὴν
1164 1637 1265 1673 εὔήνιον
1281 1639 1318 1676 τῷ
1335 1641 1502 1667 συνοικοῦντι.
1524 1638 1576 1667 Καὶ
1591 1637 1642 1677 γὰρ
1661 1640 1684 1667 εἰ
1708 1638 1751 1668 διὰ
1771 1639 1815 1677 τὸν

1052 1684 1120 1713 Θεὸν
1133 1684 1209 1723 πείΟῄ
1225 1686 1262 1722 τῷ
1275 1683 1365 1722 ἀνδρὶ,
1379 1683 1414 1721 μή
1435 1695 1479 1721 μοι
1498 1683 1610 1723 πρόφερε
1623 1683 1656 1712 τὰ
1677 1684 1814 1723 ὀφείλοντα

1051 1731 1115 1769 παρ’
1130 1732 1207 1759 αὐτοῦ
1224 1729 1355 1768 γίνεσθαι,
1368 1730 1425 1758 ἀλλ’
1441 1724 1476 1757 ὧν
1488 1729 1628 1758 ὑπεύθυνόν
1649 1741 1677 1759 σε
1693 1730 1814 1766 ἐποίησεν

1051 1777 1065 1804 ὃ
1081 1776 1235 1814 νομοθέτης,
1250 1777 1333 1804 ταῦτα
1347 1775 1409 1803 ἄνυε
1424 1774 1490 1813 μετὰ
1510 1774 1653 1814 α’κριὸείας.
1669 1777 1754 1805 Τοῦτο
1763 1776 1814 1816 γάρ

1051 1822 1107 1850 ε’στι
1118 1822 1234 1860 μάλιστα
1247 1822 1309 1860 Θεῷ
1323 1820 1457 1850 πείθεσθαι
1465 1843 1473 1855 ,
1484 1821 1514 1849 τὸ
1525 1821 1570 1849 καὶ
1581 1821 1686 1850 ἐναντία
1695 1822 1814 1862 πάσχου-

1051 1879 1098 1896 σαν
1113 1867 1150 1906 μὴ
1166 1872 1318 1906 παρακινεῖν
1338 1866 1382 1895 τὸν
1401 1866 1490 1904 νόμον.
1503 1866 1554 1895 Διὰ
1577 1867 1628 1908 γὰρ
1651 1871 1727 1897 τοῦτο
1738 1871 1752 1897 ὁ
1766 1869 1813 1907 μὲν

1051 1913 1094 1942 τὸν
1113 1914 1238 1952 φιλοῦντα
1251 1914 1342 1952 φιλῶν,
1353 1911 1424 1941 οὐδὲν
1438 1913 1508 1940 δοκεῖ
1522 1924 1548 1940 τι
1563 1911 1631 1951 μέγα
1652 1918 1749 1942 ποιεῖν·
1759 1917 1773 1943 ὁ
1787 1914 1814 1944 δὲ

1051 1959 1095 1988 τὸν
1117 1962 1243 1997 μισοῦντα
1255 1957 1412 1997 θεραπεύων,
1426 1953 1498 1990 οὗτος
1513 1958 1629 1996 μάλιστά
1640 1960 1710 1988 ἐστιν
1725 1961 1739 1988 ὁ
1753 1972 1814 1990 στε-

1053 2005 1218 2045 φανούμενος.
1232 2005 1284 2033 Τὸν
1300 2004 1375 2032 αυτὸν
1394 2003 1425 2038 δὴ
1438 2003 1532 2044 τρόπον
1545 2005 1590 2033 καὶ
1602 2004 1632 2033 σὺ
1646 2005 1765 2044 λογίζου,
1775 2006 1816 2036 ὅτι

1053 2051 1084 2079 ἂν
1105 2050 1152 2089 μὲν
1174 2051 1294 2090 φορτικὸν
1315 2050 1377 2078 ὄντα
1394 2049 1437 2078 τὸν
1461 2049 1542 2088 ἄνδρα
1560 2049 1680 2090 ἐνέγκῃς,
1693 2052 1815 2092 λαμπρὸν

1052 2097 1123 2136 >rs-,¹324
1135 2097 1179 2125 τὸν
1192 2096 1328 2135 στέφανον·
1341 2095 1370 2123 ἂν
1386 2094 1412 2123 δὲ
1426 2095 1523 2134 ἥμερον
1533 2095 1578 2124 καὶ
1591 2101 1684 2136 πρᾶον,
1694 2097 1763 2131 τίνος
1775 2110 1816 2127 σοι

1053 2143 1130 2172 δώσει
1144 2143 1235 2181 μισθὸν
1249 2144 1262 2171 ὃ
1276 2142 1356 2177 Θεός;
1368 2141 1420 2170 Καὶ
1436 2145 1518 2170 ταῦτα
1538 2141 1607 2180 λέγω
1617 2164 1624 2178 ,
1640 2143 1668 2171 οὗ
1694 2143 1816 2182 θρασύνε-

1053 2192 1112 2218 σθαι
1125 2189 1184 2222 τοὺς
1200 2189 1294 2228 ἄνδρας
1310 2187 1431 2222 κελεύων,
1449 2187 1516 2216 ἀλλὰ
1527 2187 1623 2216 πείθων
1634 2187 1680 2220 τὰς
1691 2193 1815 2227 γυναῖκας

1051 2235 1095 2264 καὶ
1118 2234 1321 2275 θρασυνομένους
1342 2233 1428 2272 φέρειν
1450 2232 1507 2265 τοὺς
1532 2233 1636 2274 ἄνδρας.
1655 2232 1742 2263 ‘'O-rav
1765 2235 1815 2275 γὰρ

1052 2280 1159 2313 ἕκαστος
1175 2280 1208 2309 τὰ
1228 2282 1319 2309 ἑαυτοῦ
1334 2279 1432 2318 σπεύδῃ
1455 2279 1580 2318 πληροῦν,
1593 2279 1695 2319 ταχέως
1716 2280 1761 2309 καὶ
1781 2281 1815 2310 τὰ

1050 2330 1095 2356 τοῦ
1108 2326 1217 2362 πλησίον
1235 2326 1325 2365 ἕψεται
1335 2336 1341 2342 ·
1359 2321 1420 2358 οἷον,
1439 2323 1500 2353 ὅταν
1513 2326 1530 2359 ἡ
1543 2324 1606 2363 γυνὴ
1628 2325 1673 2354 καὶ
1687 2326 1816 2365 τραχυνό-

1053 2388 1128 2414 μενον
1151 2369 1417 2414 παρεσκευασμένηῇ
1441 2373 1526 2412 φέρειν
1550 2373 1594 2402 τὸν
1617 2373 1714 2414 ἄνδρα,
1735 2375 1780 2404 καὶ
1799 2377 1814 2404 ὃ

1053 2427 1118 2465 ἀνὴρ
1131 2426 1174 2455 καὶ
1185 2425 1394 2465 χαλεπαίνουσαν
1405 2423 1484 2458 αὐτὴν
1499 2423 1534 2462 μὴ
1546 2423 1636 2463 ὑδρίζῃ
1644 2447 1651 2461 ,
1664 2424 1721 2454 τότε
1729 2426 1814 2455 πάντα

1053 2477 1154 2516 γαλήνη
1169 2475 1214 2505 καὶ
1225 2475 1305 2513 λιμὴν
1318 2474 1441 2513 κυμάτων
1457 2474 1665 2513 ἀπηλλαγμένος.
1680 2475 1759 2505 Οὕτω
1771 2476 1815 2505 καὶ

293 2573 302 2582 ³
319 2565 379 2599 Reg.
392 2565 426 2599 [et
438 2568 466 2591 A.
480 2568 508 2591 R.
522 2568 592 2593 etsie
605 2568 670 2594 haud
683 2570 757 2596 dubie
769 2581 847 2606 marg.
860 2574 949 2607 Sat-il]
961 2578 1011 2601 ἀλλ’
1024 2578 1100 2601 :AB-{uz
1112 2579 1183 2601 αὑτῶν
1195 2578 1261 2600 τοῦτο
1273 2577 1376 2604 ἐξείλετο.

1871 2017 1891 2866 Μ-,ῂ--Ᾰᾘᾲ
1888 1908 1891 2008 -4
1889 1820 1891 1896 ᾃᾼᾼ
