1865 2871
546 173 576 195 ΙΝ
606 172 711 195 ffl‘ts'r.
741 172 764 194 l.

792 172 834 194 At)
861 172 936 193 COR.
967 170 1086 193 nonu..
1117 171 1176 193 Vlt-

1600 160 1644 207 75

80 241 123 270 ἐπὶ
146 245 279 282 τραχεῖαν,
290 241 307 275 ἢ
323 240 381 273 τοὺς
397 241 439 270 ἐπὶ
459 241 507 276 τὴν
529 241 620 281 ῥᾳδίαν
633 241 742 279 ἄγοντας
757 240 848 276 ὁδόν,
865 242 883 264 C
900 245 975 274 v‚ant
990 248 1023 266 an
1038 237 1083 276 qui
1097 236 1316 266 consuetudinem
1332 238 1459 266 firmant?
1471 238 1518 276 qni
1532 238 1558 266 in
1570 249 1646 278 aspe-

80 286 138 320 τοὺς
153 289 204 316 τῶν
217 285 345 326 πατρῴων
362 288 525 326 ἀφιστῶντας
535 310 542 322 ,
555 287 572 322 ἢ
584 286 642 319 τοὺς
655 288 683 315 οὐ
696 286 754 320 ξένα
765 297 845 324 νομο-

80 336 236 369 Θετοῧντας;
254 332 314 366 τοὺς
329 332 396 370 μετὰ
411 333 458 368 τὴν
471 334 586 362 ἐντεῦθεν
600 332 750 370 ἀποδημίαν
761 332 848 360 πάντα

79 379 301 418 ὑπισχνουμένους
324 379 357 407 τὰ
380 379 504 418 χρηστὰ,
526 378 542 413 ἢ
566 378 623 411 τοὺς
645 380 670 407 ἐν
684 380 720 417 τῷ
738 377 849 417 παρόντι

79 425 269 458 κολακεύοντας
283 425 331 464 βίῳ
344 438 350 460 ;
374 425 431 458 τοὺς
447 425 559 458 πολλοὺς
580 425 629 454 ὑπὸ
642 426 693 453 τῶν
708 423 812 462 ὀλίγων,
831 423 848 459 ἢ

80 471 138 504 τοὺς
158 471 260 509 ὀλίγους
281 472 331 500 ὑπὸ
349 473 400 499 τῶν
422 473 544 505 πολλῶν;
567 471 645 500 Ἀλλὰ
663 471 707 499 καὶ
721 473 795 509 ὑμεῖς
806 472 849 499 ἐν·

80 520 163 546 ταῦθα
173 540 180 552 ,
197 517 289 556 φησιν,
305 517 459 556 ὑπέσήεσθε.
483 517 518 545 Τί
534 517 560 546 δὲ
575 518 686 545 ἐνταῦθα
700 516 850 555 ὑπεσχόμε-

81 565 113 591 Οα
125 575 132 598 ;
143 562 354 602 Ἁμαρτημπίτων
367 563 457 602 ἄφεσιν
469 564 514 592 καὶ
523 563 630 602 λουτρὸν
642 562 850 601 παλιγγενεσίας.

82 609 208 639 Μάλιστα
221 609 267 647 μὲν
284 610 328 637 καὶ
341 608 370 637 τὸ
385 609 525 649 βάπτισμα
537 610 562 637 ἐν
573 612 625 641 τοῖς
643 609 781 646 μέλλουσιν
796 608 852 648 ἔχει

80 654 110 684 τὸ
124 655 212 684 πλέον.
238 656 290 684 Καὶ
305 657 354 694 βοᾷ
374 656 480 688 Παῦλος
496 654 579 694 λέγων
592 666 598 672 ·
624 654 777 683 Ἁπεθάνετε
791 656 851 693 γὰρ,

81 702 126 730 καὶ
147 704 164 736 ἡ
190 701 243 737 ζιινλΙ
267 703 340 739 ὑμῶν
363 701 507 741 κέκρυπται
529 701 575 729 σὺν
591 702 628 739 τῷ
643 701 750 740 Χριστῷ
767 702 792 729 ἐν
814 702 851 739 τῷ

81 750 155 776 Θειι).

81 806 127 822 συν
141 796 212 823 αὐτο
225 806 288 833 φανε
293 795 466 833 ριυΟησεο-Οε
455 806 480 822 εν
495 794 566 832 δοΞῃ.

180 748 266 777 “Orant
287 760 303 783 η
320 747 397 782 ζωὴε
388 760 462 786 υμων
478 759 540 786 φανε
544 749 613 786 ρωῦἦ
625 769 631 779 ,
646 747 704 775 τότε
719 746 763 775 καὶ
778 748 851 784 ὑμεῖς

593 794 655 822 Εἰ
641 794 669 821 οὲ
685 805 729 822 και
741 794 852 822 ἐνταῦθα

81 841 125 880 ἔχε
115 853 137 869 ..ι
158 841 261 879 ἀγαθὰ,
279 852 368 878 ωσπερ
385 842 429 869 οὐν
444 840 488 868 καὶ
502 840 574 878 ἔγει,
589 839 632 867 καὶ
647 842 723 868 τοῦτο
735 839 852 876 μάλιστα

81 888 179 916 πολλοῦ
195 886 342 924 θαύματος,
365 886 394 914 ὅτ
398 898 405 913 ι
421 886 531 924 ἴσχυσαν
551 889 641 913 πεῖσαι
655 897 713 917 τους
726 884 758 912 τὰ
772 885 853 923 μυρία

81 932 273 972 ἐργασαμένους
284 931 364 967 δεινὰ,
378 931 422 959 καὶ
436 930 485 960 ὅσα
501 931 591 968 μηδεὶς
606 930 702 969 ἔτερος,
713 929 753 958 ὅτι
767 929 853 958 πάντα

82 978 289 1013 ἀπολούσονται,
310 977 354 1006 καὶ
375 977 477 1010 οὐδενὸς
500 977 614 1007 δώσουσι
637 977 713 1015 λόγον
731 979 783 1005 τῶν
800 988 851 1004 πε-

81 1024 324 1063 πλημμελημένων.
347 1022 431 1052 Ἵὶστε
445 1023 490 1051 καὶ
505 1023 548 1052 διὰ
566 1026 643 1052 τοῦτο
658 1022 719 1051 αὐτὸ
736 1023 852 1061 μάλιστα

82 1071 223 1109 θαυμάζειν
243 1072 333 1109 ἔχρῆν,
349 1071 388 1098 ὅτι
403 1069 554 1108 ἀνθρώπους
569 1069 717 1108 βαρδάρους
728 1069 850 1104 τοιαύτην

82 1116 189 1145 ἔπεισαν
209 1115 402 1149 καταδέξασθαι
416 1116 516 1149 πίστιν,
532 1115 577 1144 καὶ
588 1114 706 1154 χρηστὰς
726 1115 785 1155 περὶ
799 1117 851 1143 τῶν

82 1162 231 1200 μελλόντων
244 1162 313 1202 ἔχειν
327 1162 448 1197 ἐλπίδας,
463 1161 507 1190 καὶ
521 1161 550 1190 τὸ
565 1162 690 1200 πρότερον
702 1163 753 1189 τῶν
766 1162 820 1199 ἁμα
826 1173 852 1200 ρ-

81 1208 206 1247 τημάτων
222 1208 326 1248 φορτίον
347 1207 592 1245 (ἐπεσκευασμένους
614 1207 680 1246 μετὰ
694 1208 793 1243 πολλῆς
806 1211 853 1243 τῆς

82 1255 228 1295 προθυμίας
242 1256 277 1287 εἷς
290 1255 319 1284 τὸ
329 1255 402 1283 ἐπιὸν
411 1257 463 1283 τῶν
476 1254 541 1293 ὑπὲρ
555 1256 601 1289 τῆς
615 1256 710 1293 ἀρε-,ἧς
724 1254 852 1283 ἅπτεσθαι

83 1302 179 1337 πόνων,
191 1301 235 1330 καὶ
249 1301 313 1340 πρὸς
325 1301 446 1335 αἰσθητὸν
461 1301 508 1338 μὲν
522 1300 603 1338 μηδὲν
619 1300 767 1339 κεχηνέναι,
787 1301 854 1329 ποίν-

82 1361 134 1378 των
151 1348 178 1377 δὲ
199 1347 343 1387 ἀνωτέρους
355 1350 406 1377 τῶν
421 1349 580 1385 σωματικῶν
598 1347 785 1386 γεγενημένους
798 1359 854 1376 νοε-

778 1394 854 1422 Σαυ-

84 1395 130 1434 ρὰς
144 1394 265 1429 δέξασθαι
283 1394 400 1432 δωρεὰς,
416 1394 461 1422 καὶ
477 1393 520 1422 τὸν
540 1393 647 1432 Πέρσην
659 1393 704 1421 καὶ
719 1393 762 1421 τὸν

85 1441 202 1481 ρομάτην
218 1440 263 1469 καὶ
275 1439 318 1468 τὸν
331 1441 437 1479 Μαῦρον
455 1440 500 1468 καὶ
513 1440 557 1468 τὸν
569 1439 649 1468 Ἰνδὸν
662 1439 756 1469 εἰδέναι
768 1441 855 1479 ψυχῆς

84 1487 219 1525 καθαρμὸν
233 1487 278 1515 καὶ
288 1488 357 1515 Θεοῦ
369 1486 477 1524 δύναμιν
489 1486 533 1514 καὶ
546 1485 743 1525 φιλανθρωπίαν
756 1486 854 1525 ἄφατον

84 1533 129 1562 καὶ
140 1534 254 1565 πίστεως
268 1532 421 1573 φιλοσοφίαν
437 1532 482 1561 καὶ
494 1532 647 1570 Πνεύματος
661 1532 735 1570 ἁγίου
752 1532 855 1571 ἐπιφοί-

84 1591 159 1614 τησιν
170 1579 215 1609 καὶ
230 1580 360 1618 σωμάτων
377 1579 519 1608 ἀνάστασιν
533 1578 577 1606 καὶ
589 1580 656 1613 ζωῆς
672 1578 799 1607 ἀθανάτου
813 1578 854 1607 δό-

84 1638 183 1665 γματα.
204 1627 298 1655 Ταῦτα
324 1625 374 1664 γὰρ
389 1625 494 1653 ἅπαντα
515 1624 560 1652 καὶ
582 1623 615 1652 τὰ
636 1623 732 1651 τούτων
747 1624 855 1652 πλείονα

84 1671 146 1710 γένη
164 1671 304 1710 βαρόάρων
322 1673 345 1700 οἱ
370 1672 451 1702 ἁλιεῖς
463 1672 692 1708 μυσταγωγῶν-τες
711 1670 737 1697 ἐν
749 1671 787 1707 τῷ
803 1671 854 1707 βα-

84 1717 224 1756 πτίσματι,
239 1718 387 1756 φιλοσοφεῖν
400 1716 516 1745 ἔπεισαν.
544 1716 637 1744 Ταῦτα
649 1715 734 1743 τοίνυν
750 1715 855 1743 ἅπαντα

86 1763 153 1802 μετὰ
175 1763 310 1819 ἀκριὸείας
330 1762 507 1802 φυλάξαντες,
526 1761 591 1800 πρὸς
612 1760 703 1794 αυτοὺς
726 1761 855 1799 λέγωμεν,

85 1821 129 1838 και
143 1821 189 1844 την
203 1810 256 1837 ἀπὸ
270 1812 314 1837 τοῦ
327 1808 383 1846 βίου
395 1807 474 1836 πάλιν
489 1808 574 1839 αυτοῖς
586 1806 736 1839 ἀπόδειξιν
728 1806 854 1846 παρεχώ-

86 1857 170 1893 μεΟα,
184 1854 226 1883 ίνα
242 1854 402 1893 ἑκατέρωθεν
415 1856 518 1891 ἡμεῖς·
509 1865 531 1882 ιε
545 1855 680 1891 σωθυμεν,
701 1852 813 1886 ἐκείνους
826 1866 854 1882 ,ε

86 1900 294 1939 ἐπισπασώμεθα
315 1901 379 1940 πρὸς
393 1899 441 1935 τὴν
464 1902 508 1928 τοῦ
525 1900 595 1929 Θεοῦ
617 1898 708 1932 δόξαν·
732 1911 772 1928 οτι
784 1901 854 1939 αὐτῷ

86 1951 103 1984 ἡ
118 1947 178 1981 δόξα
188 1949 223 1980 εἷς
234 1958 293 1979 τους
304 1948 408 1979 αἰῶνας.
432 1946 523 1984 Ἀμήν.

122 2110 131 2121 “
149 2102 253 2134 [πάντας
265 2101 338 2127 addit
350 2102 390 2134 A.]

900 296 958 314 ram
973 284 1046 313 viam
1061 284 1174 321 ducunt,
1191 295 1223 313 an
1235 284 1280 322 qui
1296 284 1323 312 in
1335 284 1461 313 facilem?
1474 285 1492 313 ii
1507 284 1553 323 qui
1569 295 1584 312 a
1599 296 1646 324 pa-

901 331 960 360 triis
978 330 1107 359 institutis
1124 330 1272 366 abducunt,
1285 341 1318 358 an
1333 330 1352 358 ii
1364 331 1411 368 qui
1427 342 1477 359 non
1493 331 1648 370 peregrinas

901 377 971 415 leges
993 377 1133 405 statuunt'’
1149 377 1168 405 ii
1186 377 1231 415 qni
1248 383 1388 416 postquam
1408 377 1648 405 hineil)seessc11-

903 434 962 452 mus
976 424 1066 452 omnia
1080 424 1149 452 bona
1163 423 1333 463 pollicentur,
1345 433 1378 451 an
1392 423 1410 451 ii
1425 423 1470 461 qui
1486 423 1511 451 in
1524 423 1649 462 praesenti

903 470 958 498 vita
973 470 1141 498 adulantur?
1155 469 1233 498 multi
1248 481 1262 498 a
1278 469 1380 509 paucis,
1396 480 1429 497 an
1449 469 1527 508 pauci
1542 480 1556 498 a
1575 469 1650 498 mul-

904 516 959 544 tis?
976 519 1010 545 At
1024 527 1073 545 vos
1094 516 1186 549 etiam,
1203 516 1317 554 inquies,
1332 515 1377 544 hic
1392 515 1560 555 promisistis.
1576 515 1650 550 Quid

903 562 947 590 hic
963 563 1154 601 promisimus?
1168 564 1343 591 Peccatorum
1362 562 1546 590 remissionem
1560 569 1585 590 et
1607 561 1650 589 la-

904 618 1014 636 vacrum
1026 608 1319 647 regenerationis.Yere
1329 607 1437 646 quidem
1445 607 1577 647 baptisma
1590 607 1651 647 plus

903 653 983 682 habet
998 654 1061 682 boni
1083 654 1111 683 in
1132 654 1238 683 futuris.
1252 654 1288 683 Et
1312 654 1413 683 Paulus
1428 653 1526 682 clamat
1543 653 1649 682 dicens:

906 701 1101 728 Mor-mierzim
1111 703 1190 735 estis,
1199 707 1226 729 et
1238 702 1303 728 vita
1314 707 1414 728 vestra
1425 700 1598 728 abscondita
1609 706 1650 728 est
1662 715 1712 737 cul.
1726 718 1749 740 3.
1762 716 1786 739 3¹

906 756 971 774 cum
981 746 1096 774 Clu-isto
1105 749 1136 774 in
1143 747 1216 775 Deo.
1224 747 1400 775 Cumautem
1409 746 1474 774 vita
1482 752 1583 774 vestra
1591 755 1651 773 ma·
1662 749 1684 774 4-

908 794 938 820 ni
938 793 1048 830 festam
1052 794 1151 831 silerit,
1159 800 1227 822 tunc
1235 800 1262 821 et
1271 803 1397 821 vescum
1404 794 1466 830 ipso
1475 793 1652 831 apparebitis

908 840 1050 879 ingloria.
1060 840 1088 868 Si
1099 847 1188 870 autem
1196 840 1241 869 hic
1250 851 1357 879 qnoque
1364 839 1445 868 habet
1452 840 1532 876 bona,
1542 846 1573 868 nt
1583 846 1653 868 certe

907 885 999 921 habet,
1019 893 1043 914 et
1068 886 1119 915 hoc
1143 897 1248 925 qnoque
1274 897 1404 926 magnum
1418 892 1456 914 est
1480 885 1652 920 miraculum,

906 931 979 968 qnod
1005 933 1139 970 potuerint
1167 932 1327 971 persuadere
1349 932 1382 960 iis
1392 955 1400 969 ,
1424 932 1472 970 qni
1488 932 1558 960 mala
1586 931 1654 960 fece-

906 983 965 1005 rant
989 977 1127 1006 innumera
1139 1000 1146 1013 ,
1173 985 1198 1006 et
1229 978 1303 1016 quod
1336 988 1414 1006 nemo
1438 977 1507 1006 alius
1542 978 1653 1013 fecerat,

905 1023 961 1051 fore
985 1030 1014 1051 ut
1039 1023 1128 1051 omnia
1160 1023 1350 1059 abluerentur,
1383 1031 1409 1052 et
1441 1023 1543 1052 nullius
1571 1023 1653 1052 seele-

904 1080 965 1098 rum
985 1080 1096 1098 suornm
1118 1070 1250 1099 rationem
1278 1077 1365 1099 essent
1388 1069 1529 1099 reddituri.
1561 1071 1653 1109 Itaque

902 1126 931 1144 ea
954 1115 988 1144 de
1002 1127 1081 1145 cansa
1099 1116 1219 1145 maxime
1238 1116 1368 1145 admirari
1394 1116 1553 1156 oportebat,
1580 1116 1654 1154 quod

904 1163 1026 1192 barbaris
1043 1163 1198 1193 hominibus
1222 1163 1414 1203 persuaserint,
1431 1170 1460 1192 ut
1475 1163 1557 1192 talem
1571 1162 1653 1192 fidem

900 1211 1076 1250 susciperent,
1094 1218 1120 1240 et
1136 1211 1234 1240 bonam
1249 1211 1282 1240 de
1296 1211 1395 1240 futuris
1409 1222 1484 1251 spem
1510 1211 1652 1247 haberent,

871 1254 890 1277 Ε
900 1269 931 1286 ac
940 1257 1060 1298 deposita
1072 1258 1195 1298 priorum
1212 1266 1382 1298 peecatorum
1396 1258 1510 1296 sarcina,
1523 1269 1585 1287 cum
1596 1268 1655 1287 ma-

901 1315 951 1341 gna
966 1305 1049 1333 animi
1067 1305 1203 1334 alacritate
1226 1305 1323 1334 deinde
1338 1316 1388 1345 pro
1412 1305 1513 1333 virtute
1544 1304 1652 1334 labores

900 1351 1073 1390 susciperent,
1090 1359 1115 1380 et
1130 1351 1163 1381 ad
1178 1352 1286 1380 sensilia
1304 1352 1378 1380 nulla
1404 1351 1549 1387 inhiarent,
1565 1351 1655 1379 omni-

901 1398 1006 1435 busque
1023 1399 1158 1437 corporeis
1186 1398 1266 1427 rebus
1291 1398 1441 1437 superiores
1462 1397 1558 1434 effecti,
1572 1397 1652 1437 spiri<

905 1444 988 1472 tualia
1004 1444 1152 1484 acciperent
1167 1444 1236 1473 dona
1249 1456 1254 1472 ε
1270 1455 1301 1473 ac
1315 1445 1406 1481 Persa,
1423 1444 1556 1478 Sarmata,
1574 1445 1654 1472 Mau-

906 1500 951 1518 rus
963 1497 988 1519 ct
1002 1490 1099 1527 Indus,
1112 1491 1211 1519 scirent
1225 1490 1320 1519 animae
1335 1490 1530 1529 expiationem,
1542 1490 1592 1518 Dei
1605 1500 1654 1529 po-

906 1536 1027 1572 tentiam,
1043 1544 1068 1565 et
1090 1537 1283 1575 benignitatem
1296 1537 1470 1570 ineffabilem,
1483 1536 1547 1564 fidei
1561 1536 1653 1575 philo-

907 1582 1038 1621 sophiam,
1052 1583 1170 1621 Spiritus
1184 1583 1268 1611 sancti
1282 1582 1442 1617 adventum,
1457 1593 1600 1621 corporum
1611 1593 1654 1610 re-

906 1628 1108 1664 surrectionem,
1122 1635 1147 1656 et
1167 1628 1231 1656 vitae
1255 1628 1415 1656 immortalis
1436 1628 1571 1667 dogmata.
1589 1628 1653 1657 Haec

907 1674 1007 1713 quippe
1022 1674 1110 1702 onmia
1125 1681 1150 1702 et
1161 1674 1202 1703 liis
1215 1674 1293 1714 plura
1305 1674 1483 1702 barbarorum
1495 1684 1589 1713 genera
1607 1674 1650 1714 pi-

907 1728 1020 1750 scatores
1032 1722 1059 1750 in
1073 1722 1206 1761 baptismo
1221 1721 1356 1762 mysteriis
1373 1721 1518 1756 initiantes,
1532 1721 1653 1761 philoso-

907 1767 985 1806 phari
1002 1779 1093 1797 suiset
1096 1775 1151 1797 unt
1176 1768 1239 1797 Ilaec
1254 1768 1343 1806 itaque
1358 1768 1448 1796 omnia
1462 1775 1585 1796 accurate
1599 1778 1653 1796 ser-

872 1834 895 1852 65
909 1820 1011 1849 rantes,
1029 1814 1075 1842 illa
1090 1814 1127 1843 eis
1150 1814 1281 1850 dieamus,
1296 1820 1321 1842 ct
1335 1825 1350 1842 a
1367 1814 1423 1843 vita
1440 1824 1546 1853 quoqne
1562 1820 1651 1842 nostra

875 1862 894 1884 Α
909 1859 1160 1890 demonstiationem
1182 1871 1290 1889 rntsum
1313 1860 1378 1900 ipsis
1398 1860 1584 1896 exhibeamus,
1599 1871 1652 1899 quo

910 1907 1035 1944 utrinque
1057 1914 1082 1935 ct
1105 1917 1152 1935 nos
1170 1907 1284 1935 salutem
1298 1917 1493 1945 consequamur
1506 1913 1531 1935 et
1543 1906 1603 1934 illos
1617 1905 1651 1934 ad

911 1953 960 1982 Dei
985 1954 1099 1991 gloriam
1119 1953 1299 1983 attrahamus:
1312 1953 1375 1992 quia
1399 1953 1449 1993 ipsi
1469 1960 1506 1982 est
1521 1953 1605 1992 gloria
1623 1952 1652 1981 in

910 2001 1014 2030 soecula.
1028 2003 1118 2030 Amen.
