1906 2866
274 182 343 230 690
615 193 644 215 S·
671 192 810 215 sommis
836 191 1016 214 ctlanos'T.

274 253 556 293 magnfficeloquatur,
570 264 622 281 non
639 264 673 282 ex
687 254 837 291 arrogantia
852 254 903 281 hoc
913 253 1009 288 facere,

274 300 320 329 sed
333 298 406 338 quod
429 309 522 327 corum
544 298 645 327 fiducia
666 299 802 327 niteretur.
818 300 898 336 Rogo
914 304 1010 325 aulem

273 355 328 374 vos
343 356 379 373 ne
386 354 514 383 praesens
526 345 650 372 audeam
662 345 717 372 hac
729 345 908 383 confidentia
918 365 927 377 ‚
952 352 1011 380 qua

273 393 423 419 existimor
434 391 550 424 audere,
573 391 605 417 ιἰι
619 391 761 428 quosdam
782 392 832 427 qui
845 399 896 416 nos
908 398 1010 416 secun-

273 436 342 464 dum
370 446 488 464 carnem
514 436 667 463 ambulare
699 436 891 462 arbitrantur.
928 432 1012 462 Vides

272 487 371 518 quanta
387 481 422 509 sit
436 481 493 508 haec
508 480 671 517 indignatio,
696 490 829 516 quamque
852 479 894 506 his
922 477 1013 506 verbis

271 538 316 555 eos
331 527 469 566 perspicue
484 526 597 563 arguat?
615 527 688 562 Rogo
702 525 772 552 euim
784 534 842 561 vos,
861 523 961 562 inquit,
981 534 1013 551 ne

272 573 300 601 in
320 584 377 602 eam
399 573 578 601 necessitatem
600 581 642 598 me
654 570 809 604 adducatis,
833 577 861 599 ut
876 570 1013 599 ostendere

273 629 363 657 cogar,
379 617 451 656 quod
466 627 580 656 pra‘sens
596 626 701 653 quoque
715 616 820 644 viribus
844 626 874 644 ac
895 615 1013 655 potentia

272 664 398 703 polleam.
417 663 486 698 Quia
501 662 571 690 enim
582 661 706 690 dicebant
718 672 759 690 me
769 662 904 690 absentem
916 672 1013 699 magna

272 709 415 737 adversum
428 719 473 737 vos
487 707 598 735 audacia
608 707 647 734 uti
662 713 741 744 atque
757 707 856 744 efferri,
866 707 909 735 his
921 707 1013 735 verbis

274 765 336 783 usus
349 765 408 782 sum
422 766 427 781 :
446 753 550 781 Idcirco
564 753 672 782 obsecro
692 763 725 781 ne
735 753 802 781 mihi
815 753 884 782 hanc
897 753 1010 782 necessi-

272 807 353 827 tatem
366 800 491 835 asserant,
514 806 543 827 ut
558 799 674 838 potentia
698 809 757 827 mea
779 806 846 828 utar.
870 800 927 828 Hoc
941 800 1013 828 enim

272 845 409 883 significat
425 844 507 881 illud,
519 845 568 873 Ea
582 845 772 884 confidentia.
789 845 844 874 Nec
858 845 938 882 dixit,
951 847 1012 881 Qua

272 895 382 927 paratus
397 899 467 923 sum,
483 887 528 916 sed
537 910 545 924 ‚
561 889 626 926 Qua
636 890 794 916 existimor.
807 888 930 917 Necdum
940 889 1012 917 enim

272 934 322 962 hoc
341 933 515 962 constitutum
530 940 579 970 est,
596 944 690 962 verum
702 933 752 973 ipsi
763 934 928 963 occasionem
938 945 1012 973 prae—

272 979 334 1008 bent
346 991 351 1006 :
367 985 394 1007 at
409 989 456 1017 ego
468 989 500 1007 ne
513 978 551 1007 sic
568 978 677 1016 quidem
691 978 741 1007 hoc
751 980 836 1008 facere
849 980 877 1008 in
892 980 1013 1008 animum

272 1025 381 1053 induco.
398 1024 480 1062 Atqui
490 1035 543 1052 non
561 1031 590 1052 ut
605 1035 632 1053 se
642 1047 649 1060 ,
672 1024 717 1053 sed
740 1032 769 1053 ut
782 1026 952 1064 evangelium
967 1026 1011 1054 ul-

272 1071 425 1106 cisceretur,
443 1069 494 1098 hoc
516 1069 638 1098 faciebat.
662 1069 744 1106 Quod
759 1070 797 1104 si,
815 1070 862 1098 ubi
882 1071 1013 1109 praedica-

270 1116 352 1144 tionis
376 1126 453 1143 causa
481 1115 577 1143 tuenda
600 1122 656 1143 erat
664 1126 680 1152 f
694 1115 804 1143 minime
831 1116 958 1144 acerbum
986 1127 1014 1145 se

271 1161 383 1200 praebet,
398 1161 443 1189 sed
460 1171 548 1189 moras
562 1160 653 1195 nectit,
668 1168 797 1199 rogatque
817 1171 849 1189 ne
868 1169 941 1190 tanta
962 1162 1015 1191 sibi

272 1206 412 1235 necessitas
424 1207 552 1235 inseratur
567 1217 573 1232 τ
589 1206 673 1234 multo
688 1206 777 1234 minus
792 1207 818 1234 in
838 1207 894 1235 suis
908 1208 1015 1246 injuriis

272 1251 462 1292 propulsandis
473 1251 622 1289 quidquam
635 1251 792 1290 hujusmodi
806 1253 920 1281 fecisset.

313 1300 342 1326 Q.
361 1298 418 1325 Hoc
439 1297 540 1335 igitur,
558 1297 663 1334 inquit,
679 1297 747 1324 mihi
770 1296 919 1335 indulgete,
937 1305 967 1326 ut
981 1309 1014 1327 ne

272 1354 376 1371 necesse
389 1343 501 1371 habeam
521 1343 668 1379 ostendere,
680 1342 752 1380 quod
768 1354 857 1372 coram
870 1344 951 1372 etiam
962 1345 1014 1373 ad·-

272 1399 366 1417 versus
381 1399 448 1426 quos
471 1400 520 1427 par
534 1389 568 1416 sit
588 1388 686 1416 fiducia
702 1389 741 1416 uti
760 1400 857 1426 queam
870 1413 879 1427 7
896 1391 947 1418 hoe
962 1398 1011 1428 cst,

272 1445 316 1463 eos
330 1434 425 1473 punire
439 1445 469 1462 ac
483 1434 618 1473 supplicio
636 1434 752 1462 afficere.
766 1435 884 1463 Videsne
905 1447 986 1474 quam
997 1447 1013 1464 a

272 1480 365 1517 gloriae
377 1480 466 1508 studio
476 1479 579 1508 alienus
592 1487 667 1514 esset,
679 1490 726 1508 nec
739 1482 922 1510 ostentationis
934 1493 1014 1511 causa

272 1524 420 1562 quidquam
434 1525 541 1560 faceret,
557 1531 585 1552 ut
599 1525 659 1562 qui,
675 1535 736 1552 cnm
753 1535 857 1554 neccsse
871 1535 952 1562 esset,
965 1539 1014 1556 au-

271 1570 377 1598 daciam
389 1577 479 1598 tamen
494 1569 523 1598 id
539 1570 708 1608 appellaret?
723 1572 802 1610 Rogo
818 1572 898 1607 enim,
914 1573 1012 1612 inquit,

273 1627 308 1645 ne
318 1628 445 1656 praesens
457 1618 581 1646 audeam
593 1628 628 1645 ea
642 1618 832 1656 confidentia,
845 1630 905 1658 qua
917 1623 1015 1649 existi-

272 1673 335 1691 mor
348 1664 473 1699 audere,
488 1665 520 1690 in
541 1663 694 1701 quosdam.
715 1663 773 1692 Hoc
795 1664 865 1693 enim
892 1666 1013 1704 magistri

272 1708 394 1736 officium
419 1714 473 1744 est,
488 1718 541 1735 nou
567 1708 704 1736 confestim
726 1719 817 1747 poenas
838 1720 954 1748 sumere,
969 1711 1015 1740 sed

274 1755 417 1793 corrigere,
430 1762 510 1792 atque
525 1755 552 1783 in
572 1755 718 1783 inferendis
730 1757 871 1795 suppliciis
883 1766 1015 1787 cunctan-

272 1807 327 1828 tem
337 1810 368 1828 ac
385 1799 493 1828 tardum
508 1810 571 1827 esse.
581 1800 718 1834 Quosnam
729 1812 809 1839 porro
822 1813 865 1831 eos
878 1803 1014 1842 intelligit,

273 1846 371 1883 quibus
386 1844 586 1873 comminatur?
604 1846 661 1882 Qui
683 1856 735 1874 nos
751 1849 930 1883 existimant,
944 1856 1017 1877 tam-

275 1901 365 1929 quam
377 1891 534 1918 secundum
545 1901 664 1918 carnem
675 1892 865 1921 ambulemus.
878 1895 946 1922 Nam
957 1905 1018 1923 eum

277 1935 317 1963 illi
332 1942 361 1963 ut
375 1935 555 1973 hypocritam,
570 1942 599 1962 ut
616 1935 774 1974 improbum
786 1944 865 1975 atque
891 1949 1019 1977 arrogan-

275 1987 329 2008 tem
339 1980 538 2008 insimulabant.
548 1981 577 2008 5.
589 1982 626 2007 In
635 1990 725 2008 carne
733 1984 810 2010 enim
821 1985 1018 2022 ambulantes,

277 2037 337 2054 non
350 2027 509 2054 secundum
523 2036 641 2054 carnem
656 2027 827 2056 militamus.
840 2029 890 2057 Hic
902 2031 959 2069 jam
973 2042 1016 2060 eos

275 2072 389 2110 figurata
397 2081 461 2099 voce
471 2077 550 2099 terret
561 2082 567 2097 z
578 2081 684 2099 carnem
692 2072 763 2100 enim
773 2073 900 2110 gerimus,
913 2075 1016 2113 inquit3

274 2127 327 2145 non
342 2116 371 2144 id
390 2116 513 2153 inficior;
527 2126 621 2144 verum
643 2117 715 2146 carni
732 2127 782 2146 non
805 2119 935 2149 vivimus.
958 2123 1015 2151 Imo

275 2173 337 2190 vero
352 2172 385 2190 ne
405 2162 456 2190 hoc
480 2160 588 2198 quidem
601 2161 684 2195 dixit,
700 2162 745 2190 sed
761 2163 956 2204 aliquantisper
973 2178 1013 2196 re-

274 2207 391 2236 servavit
403 2229 409 2242 ,
432 2206 505 2245 quod
528 2206 564 2234 ad
589 2207 652 2235 vitae
682 2207 788 2236 laudem
811 2211 954 2248 pertineret
968 2225 973 2240 τ
986 2224 1017 2241 ac

275 2253 351 2292 prius
361 2252 395 2280 de
409 2251 597 2291 praedicatione
611 2251 728 2289 disserit,
745 2254 886 2284 ostendens
899 2267 956 2286 eam
968 2259 1017 2287 mi-

1046 190 1292 212 A1·c111EP.CON
1299 189 1500 211 STANTINOP-

1061 251 1128 279 νάυιε
1133 263 1148 279 ι.
1161 252 1247 279 Τοῦτο
1259 249 1310 305 γάρ
1325 250 1395 285 ἐστι,
1414 251 1456 287 Τῇ
1479 249 1642 283 πεποιθήσει.
1662 249 1715 278 Καὶ
1731 251 1777 278 οὔκ
1793 252 1829 277 εἰ-

1063 308 1127 329 πεν,
1142 299 1157 333 ᾗ
1175 295 1406 333 παρεσκεύασμαι,
1432 295 1501 329 ἀλλ,
1515 289 1552 335 ᾟ
1575 294 1722 332 λογίζομαι.
1746 295 1830 323 Οὔπω

1065 342 1096 379 αὲ
1098 354 1110 369 ν
1128 341 1178 379 γὰρ
1193 352 1269 369 τουτο
1281 341 1384 379 ἔκρινα,
1400 339 1473 368 αὐτοι
1488 339 1515 368 δέ
1530 351 1573 376 μοι
1587 351 1634 373 την
1649 341 1734 368 αἰτίαν
1746 339 1830 379 παρέ-

1061 398 1164 425 χουσιν·
1182 388 1239 415 ἀλλ’
1253 386 1310 414 οὔῗὲ
1323 385 1391 414 οὕτω
1405 385 1542 423 βούλομαι.
1561 384 1655 413 Καίτοι
1672 386 1720 423 οὐχ
1741 387 1826 423 ἑαυτῷ

1064 431 1169 468 ἀμύνων
1183 435 1258 460 τοῦτο
1273 431 1369 466 ἐποίει,
1382 431 1449 460 ἀλλὰ
1461 433 1497 469 τῷ
1507 430 1658 468 εὐαγγελίῳ.
1671 431 1704 458 Εἰ
1716 429 1757 464 δὲ,
1769 430 1830 458 ἔνθα

1062 479 1099 516 τῷ
1122 476 1271 515 κηρύγματι
1296 476 1402 514 ἀμύνειν
1417 478 1507 516 ἐχρῆν,
1524 477 1571 504 οὐκ
1595 476 1664 504 ἔστιν
1685 475 1829 514 αὐστηρὸς,

1065 522 1132 551 ἀλλὰ
1145 522 1286 550 ἀναδύεται
1310 522 1354 550 καὶ
1370 522 1478 559 μέλλει,
1506 521 1550 549 καὶ
1565 522 1715 560 παρακαλεῖ
1731 521 1767 558 μὴ
1783 532 1831 558 γε-

1064 567 1153 596 νέσθαι
1182 566 1312 601 τοσαύτην
1329 567 1444 604 ἀνάγκην
1455 579 1460 584 ·
1475 567 1564 604 πολλῷ
1582 567 1680 603 μᾶλλον
1696 565 1761 605 ὑπὲρ
1773 566 1831 593 ἑαυ-

1064 615 1109 642 τοῦ
1124 615 1170 641 οὐκ
1183 612 1212 640 ἂν
1227 611 1350 641 οὐδέποτέ
1361 624 1386 640 τι
1397 614 1512 641 τοιοῦτον
1527 611 1642 646 ἐποίησε.

1107 1297 1191 1325 Τοῦτο
1201 1291 1244 1325 οῦν
1258 1308 1302 1334 μοι
1314 1296 1459 1336 χαρίσασθε
1467 1320 1474 1333 ,
1488 1297 1577 1336 φησὶν,
1589 1296 1657 1326 ὥστε
1668 1298 1705 1336 μή
1716 1310 1748 1337 με
1758 1299 1835 1337 ἀναγ-

1063 1342 1144 1371 κάσαι
1160 1342 1256 1375 δεῖξαι,
1272 1342 1312 1370 ὅτι
1326 1342 1370 1370 καὶ
1387 1342 1478 1381 παρὼν
1502 1343 1614 1380 δύναμαι
1637 1345 1836 1383 καταθαῤῥῆσαι

1063 1388 1122 1416 καθ’
1132 1383 1167 1415 ὧν
1183 1387 1212 1414 ἂν
1226 1387 1270 1426 δέῃ
1280 1399 1286 1404 ·
1302 1387 1434 1421 τουτέστι,
1449 1387 1561 1416 κολάσαι
1576 1387 1667 1421 αὐτοὺς
1683 1389 1728 1416 καὶ
1747 1400 1834 1425 τιμω-

1066 1436 1155 1471 ρῆσαι.
1174 1428 1250 1465 Εἶδες
1267 1435 1322 1465 πῶς
1346 1433 1392 1461 οὐκ
1412 1429 1444 1467 ἦν
1462 1433 1613 1472 φιλότιμος,
1628 1433 1686 1462 οὐδὲ
1700 1433 1765 1473 πρὸς
1778 1433 1834 1462 ἐπί-

1064 1478 1141 1510 δειξίν
1156 1490 1182 1506 τι
1197 1477 1296 1512 ἐποίει,
1314 1478 1378 1506 ὅπου
1399 1490 1429 1516 γε
1446 1478 1491 1506 καὶ
1514 1479 1604 1517 χρείας
1617 1478 1695 1513 οὔσης
1707 1502 1714 1515 ,
1735 1479 1835 1517 τόλμαν

1063 1524 1092 1552 τὸ
1106 1528 1217 1562 πρᾶγμα
1228 1524 1303 1551 καλεῖ
1317 1535 1324 1557 ;
1337 1523 1438 1560 Δέομαι
1450 1523 1501 1562 γὰρ
1512 1545 1519 1558 ,
1534 1524 1614 1562 φησὶ,
1628 1524 1659 1552 τὸ
1681 1523 1717 1562 μὴ
1742 1524 1834 1563 παρὼν

1065 1570 1237 1607 θαῤῥῆσαιτῇ
1253 1568 1423 1603 πεποιθήσει,
1438 1564 1456 1606 ἧ
1476 1568 1612 1606 λογίζομαι
1627 1570 1776 1607 τολμῆσαι,
1792 1568 1836 1598 ἐπί

1065 1626 1144 1646 τινας.
1162 1614 1248 1642 Τοῦτο
1268 1614 1319 1652 γὰρ
1337 1615 1495 1642 διδασκάλου
1521 1614 1638 1651 μάλιστά
1660 1615 1730 1649 ἐστι,
1745 1615 1774 1644 τὸ
1799 1615 1835 1652 μὴ

1065 1659 1168 1698 ταχέως
1190 1658 1356 1696 ἀμύνασθαι,
1379 1659 1446 1688 ἀλλὰ
1473 1660 1645 1698 διορθοῦσθαι,
1660 1659 1706 1688 καὶ
1734 1660 1838 1698 μέλλειν

1068 1705 1107 1733 ἀεὶ
1120 1705 1164 1733 καὶ
1180 1704 1315 1743 βραδύνειν
1328 1705 1354 1732 ἐν
1367 1709 1424 1737 ταῖς
1433 1704 1583 1743 τιμωρίαις.
1599 1705 1680 1738 Τίνας
1693 1705 1720 1734 δὲ
1734 1705 1840 1738 τούτους

1069 1750 1158 1788 φησὶν,
1177 1746 1213 1781 οἷς
1225 1751 1341 1785 ἀπειλεῖ,
1353 1749 1422 1782 Τοὺς
1432 1749 1613 1788 λογιζομένους
1622 1753 1707 1788 ἡμᾶς,
1722 1752 1757 1784 ὡς
1769 1750 1839 1779 κατὰ

1044 1820 1052 1828 ,
1069 1796 1154 1835 σάρκα
1171 1797 1388 1833 περιπατοῦντας.
1407 1794 1520 1823 Ἐκεῖνοι
1537 1795 1588 1834 γὰρ
1609 1796 1685 1824 αὐτὸν
1703 1795 1839 1824 διέὸαλλον

1070 1843 1104 1873 ὡς
1121 1840 1274 1879 ὑποκριτὴν,
1289 1841 1324 1872 ὡς
1340 1840 1464 1878 πονηρὸν,
1489 1842 1525 1872 ὡς
1545 1840 1667 1873 ἀλαζόνα.
1688 1841 1734 1870 Ἔν
1762 1841 1841 1880 σαρκὶ

1070 1887 1120 1925 γὰρ
1146 1888 1365 1924 περιπατοῦντες,
1381 1887 1409 1913 οὐ
1437 1885 1505 1913 κατὰ
1527 1885 1612 1924 σάρκα
1631 1887 1838 1925 στρατευόμεθα.

1070 1931 1203 1960 Ἐνταῦθα
1215 1931 1306 1958 λοιπὸν
1320 1930 1364 1958 καὶ
1379 1930 1453 1968 φοὸεῐ
1466 1932 1499 1968 τῇ
1515 1932 1600 1969 τροπῇ
1611 1943 1618 1948 ·
1634 1931 1720 1971 σάρκα
1732 1931 1778 1969 μὲν
1790 1932 1842 1970 γὰρ

1071 1987 1162 2014 περικε
1152 1975 1260 2013 ίαεθα,
1276 1987 1364 2013 φησιν,
1380 1977 1515 2013 ὁμολογῶ,
1539 1977 1567 2004 οὐ
1593 1977 1671 2014 σαρκὶ
1691 1977 1718 2005 δὲ
1747 1978 1841 2014 ζῶμεν.

1072 2023 1181 2050 Μᾶλλον
1198 2022 1225 2049 δὲ
1237 2021 1294 2050 οὖοὲ
1305 2025 1380 2050 τοῦτο
1393 2024 1476 2055 εἶπεν,
1495 2021 1562 2050 ἀλλὰ
1578 2021 1644 2054 τέως
1663 2022 1725 2051 αὐτὸ
1736 2034 1843 2060 ταμιευ-

1072 2079 1144 2096 εται·
1161 2067 1216 2105 βίου
1227 2066 1278 2106 γάρ
1295 2067 1364 2095 ἐστιν
1379 2066 1524 2104 ἐγκώμιον·
1535 2078 1595 2106 περι
1605 2066 1632 2094 δὲ
1643 2070 1688 2096 τοῦ
1703 2067 1844 2106 κηρύγμα-

1072 2125 1115 2146 τος
1127 2113 1291 2151 διαλέγεται,
1316 2111 1416 2144 δεικνυς
1442 2112 1482 2141 ὅτι
1503 2114 1549 2141 οὐκ
1572 2112 1643 2141 ἔστιν
1665 2113 1843 2152 ἀνθρώπινον,

1072 2159 1129 2187 οὐδὲ
1147 2171 1193 2193 της
1208 2158 1323 2187 κάτωθεν
1339 2157 1459 2196 δεόμενον
1473 2157 1602 2196 βοηθείας.
1623 2159 1722 2197 Διόπερ
1737 2161 1783 2188 οὐκ
1805 2162 1843 2187 εἰ·-

1072 2216 1129 2239 πεν,
1145 2205 1173 2232 οὐ
1190 2203 1258 2232 κατὰ
1286 2203 1371 2241 σάρκα
1393 2205 1490 2240 ζῶμεν,
1512 2204 1581 2239 ἀλλ’,
1601 2204 1641 2232 Οὐ
1664 2203 1733 2232 κατὰ
1758 2203 1843 2243 σάρκα

1075 2249 1285 2288 στρατευόμεθα-
1310 2247 1445 2283 τουτέστι,
1461 2248 1576 2286 πόλεμον
1602 2248 1776 2286 ἀνεδεξάμεθα
1797 2249 1843 2278 καὶ

277 2299 347 2326 nime
362 2298 507 2326 humanam
529 2308 593 2331 esse,
611 2308 658 2325 nec
674 2297 797 2327 inferiore
816 2311 865 2339 ope
884 2302 1012 2341 indigere,
1037 2301 1056 2323 l)
1076 2295 1174 2333 μάχην,
1193 2294 1250 2323 ἀλλ’
1265 2293 1323 2331 Οὐχὶ
1342 2298 1476 2331 σαρκικοῖς
1488 2294 1652 2330 πολεμοῦμεν
1677 2292 1844 2328 ὅπλῡῑς,*οὖ

275 2343 409 2377 Quocirca
423 2353 475 2370 non
490 2341 573 2378 dixit,
587 2343 645 2370 Non
662 2343 810 2372 secundum
827 2355 933 2375 carnem
945 2349 1017 2377 vivi—

275 2399 350 2424 mus;
363 2388 425 2424 sed,
438 2389 506 2416 Non
521 2388 682 2417 secundum
700 2399 817 2418 carnem
833 2392 993 2423 militamus
1003 2407 1015 2429 ;

275 2435 327 2463 hoc
339 2441 395 2472 est,
410 2434 512 2462 bellum
530 2433 639 2472 quidem
653 2445 683 2463 ac
704 2435 903 2467 dimicationem
923 2450 1014 2470 susce-

314 2532 323 2540 ·
342 2529 409 2559 [02:ss
423 2531 458 2554 διὰ,
472 2528 560 2552 maluit
573 2529 700 2562 Dnnaeus.]

1077 2344 1119 2373 διὰ
1131 2344 1198 2375 τινος
1212 2342 1377 2383 ἀνθρωπίνης
1389 2342 1552 2381 συμμαχίας.
1568 2342 1611 2371 Τὰ
1621 2343 1671 2381 γὰρ
1685 2343 1755 2372 ὅπλα
1768 2346 1844 2382 ἡμῶν

1075 2396 1103 2422 οὐ
1117 2392 1240 2432 σαρκικοί.
1254 2394 1327 2421 Ποῖα
1337 2392 1389 2432 γὰρ
1402 2392 1472 2421 ὅπλα
1482 2392 1609 2431 σαρκικοί,
1624 2394 1742 2426 Πλοῦτος
1751 2415 1759 2428 ,
1772 2393 1844 2430 δόξα,

1072 2442 1226 2479 δυναστεία,
1243 2441 1404 2481 εὐγλωττία,
1428 2441 1561 2479 δεινότης,
1578 2442 1750 2481 περιδρομαὶ,
1766 2443 1844 2472 κολα-
