1845 2876
101 293 154 314 Cor.
171 300 204 314 ¹2-

217 133 261 174 Ᾰμ)
567 144 595 165 5.

216 212 295 241 gnam
312 202 425 231 ostendit
439 202 602 241 potentiam,
620 214 680 232 cum
693 215 740 243 per
751 215 794 233 cos
805 227 811 241 ‚
824 206 869 243 qui
885 205 952 234 nihil

216 247 341 275 videntur
355 259 417 283 esse,
429 258 538 285 magnos
552 248 658 287 dejicit:
674 249 702 277 id
715 249 785 287 quod
800 250 879 278 etiam
887 250 951 278 alibi

215 293 296 322 dicit:
316 295 411 322 IYrtus
427 305 492 322 mea
504 297 535 322 in
549 295 720 334 infirnu'lale
731 296 890 335 perficitur.
904 296 950 325 Est

215 340 285 368 enim
293 351 387 378 magna
397 341 522 379 potentia,
531 341 656 380 abjectos,
666 342 711 379 qui
723 342 824 370 nullam
833 353 950 379 unquam

214 386 385 425 disciplinam
401 387 552 425 attigerant,
565 394 671 427 repente
695 387 728 417 dc
742 388 785 424 iis,
799 399 857 426 quse
871 399 950 426 supra

215 433 292 461 creles
303 440 373 470 sunt,
385 433 478 462 docere
487 433 682 473 philosophari.
698 435 765 462 Nam
777 441 802 462 et
817 433 950 461 medicum

215 486 240 506 et
250 486 379 507 oratorem
391 486 416 508 et
430 478 496 507 alios
508 489 598 507 omnes
611 479 797 508 tuncmaximc
810 479 949 514 miramur,

214 536 275 553 cum
290 525 409 554 indoctos
422 525 568 554 admodum
581 525 721 553 instituunt
736 532 761 553 et
778 524 950 552 erudiunt.Si

215 582 275 600 vero
288 583 414 610 magnum
428 572 586 600 miraculum
605 578 642 600 cst
659 571 723 599 artis
742 571 854 599 rationes
870 570 948 598 indo-

213 618 261 645 ctis
276 618 408 646 inculcare
420 629 427 654 3
440 618 523 646 multo
535 618 619 655 magis
631 624 708 645 tantae
719 615 895 655 philosophiae
906 626 950 644 ra-

212 663 304 692 tiones.
318 664 377 692 Non
397 675 447 703 pro
463 663 591 692 miraculo
615 670 715 691 tantum
737 661 849 697 edendo,
866 672 951 700 neque

212 715 240 738 ut
251 710 396 748 potentiam
403 720 478 737 suam
488 709 645 743 ostenderet,
655 707 681 735 id
694 707 764 742 fecit,
774 707 821 735 sed
833 707 912 735 etiam
922 714 949 736 ut
964 724 975 741 3

968 751 987 772 Λ
1005 750 1044 783 ξαι
1065 752 1113 787 τὴν
1134 754 1225 782 ἑαυτοῦ
1241 754 1348 792 δύναμιν
1370 758 1445 785 τοῦτο
1465 757 1617 793 πεποίηκεν,
1639 758 1706 786 ἀλλὰ
1721 758 1766 787 καὶ

210 762 361 794 arrogantes
375 755 538 794 reprimeret.
552 754 664 792 Ideoque
681 759 755 781 antea
770 752 893 789 dicebat,
912 754 949 782 Ut

209 802 371 839 confundat
385 802 537 839 sapientes,
555 806 584 828 ut
595 810 630 828 ea
645 809 709 838 (711ae
723 804 807 827 erant
821 799 948 827 destrue-

208 852 251 874 ret
263 858 275 879 ‚·
290 853 314 874 et
326 846 369 874 hic
380 856 489 874 rursus:
505 847 554 874 229.
578 847 615 873 Ut
632 856 690 873 non
698 845 838 884 glorietur
854 846 947 873 omnis

208 902 275 920 caro
290 894 322 920 in
339 898 492 930 conspectu
512 892 579 920 Dei.
598 891 696 919 Omnia
717 891 787 919 enim
798 891 872 919 Deus
889 890 947 919 ideo

206 937 280 974 facit,
301 944 331 965 ut
356 938 454 966 fastum
477 944 502 966 et
530 936 683 975 superbiam
708 936 846 975 reprimat,
858 942 886 963 ut
904 936 946 974 ja-

205 981 346 1011 ctationem
371 983 508 1011 inhibeat:
522 989 547 1010 et
572 992 619 1010 vos
638 982 664 1010 in
683 981 734 1009 hoc
747 981 945 1009 immoramini?

204 1028 294 1057 omnia
307 1029 383 1065 facit,
402 1035 430 1057 ut
445 1028 513 1056 nihil
525 1028 601 1057 nobis
617 1028 795 1067 imputemus,
812 1034 840 1055 ut
855 1027 944 1056 omnia

204 1074 261 1103 Deo
280 1075 465 1103 adscribamus
477 1086 483 1102 τ
496 1081 522 1103 et
535 1085 581 1102 vos
596 1074 659 1102 huic
673 1080 698 1101 et
712 1073 751 1101 illi
767 1083 814 1101 vos
835 1072 943 1101 addixi-

164 1137 166 1139 >
202 1120 308 1149 stis?Et
320 1131 400 1159 quam
415 1121 519 1149 veniam
529 1119 817 1158 conseq11e1nini?Na111
828 1119 943 1148 ostendit

202 1166 275 1194 Deus
287 1167 343 1194 fieri
352 1177 402 1195 non
412 1177 486 1205 posse
498 1173 527 1194 ut
539 1172 627 1194 nostra
637 1165 724 1193 solnm
736 1175 816 1203 opera
828 1164 941 1193 salutem

201 1222 374 1249 assequamur
388 1223 395 1247 ;
408 1219 433 1240 et
447 1213 497 1240 hoc
518 1212 552 1239 ab
575 1211 651 1239 initio
671 1211 741 1238 fecit.
758 1211 850 1248 Neque
870 1210 940 1238 enim

200 1263 258 1286 tum
277 1265 398 1296 poterant
413 1257 533 1286 homines
544 1267 592 1296 per
605 1267 632 1284 se
646 1255 756 1291 servari,
772 1255 818 1283 sed
833 1262 941 1294 oporte-

200 1303 247 1331 bat
255 1304 381 1333 obeuntes
392 1303 449 1332 caeli
461 1301 700 1342 pulchritudinem,
714 1308 790 1330 terrae
802 1301 937 1339 magnitu-

200 1349 299 1386 dinem,
312 1357 337 1378 et
350 1350 465 1378 aliarum
477 1355 659 1377 creaturarum
673 1358 778 1386 corpus,
791 1347 829 1375 sic
840 1346 937 1375 adduci

199 1394 232 1423 ad
243 1406 332 1424 rerum
344 1395 485 1434 Opificem.
501 1394 559 1422 Hoc
573 1404 652 1432 porro
668 1393 730 1421 fecit
746 1393 803 1431 jam
817 1399 878 1420 ante
897 1403 939 1421 re-

197 1441 314 1479 primens
338 1442 456 1469 futuram
482 1439 616 1479 sapientiae
646 1449 741 1467 vanam
772 1438 934 1477 opinionem.

197 1488 428 1523 Quemadmodum
451 1488 473 1516 si
499 1487 559 1525 quis
586 1487 712 1525 magister
722 1509 730 1524 ,
747 1496 809 1514 cum
829 1485 937 1524 jusserit

196 1534 361 1573 discipulum
373 1534 447 1572 sequi
461 1543 628 1572 quocumque
642 1532 767 1569 ducatur,
777 1531 822 1559 ubi
839 1530 937 1560 viderit

196 1580 276 1608 illum
299 1579 445 1619 praevenire
459 1586 484 1608 et
498 1578 567 1608 velle
581 1589 595 1606 a
617 1577 702 1616 seipso
715 1584 811 1616 cuncta
825 1576 936 1613 discere,

196 1623 285 1652 sinens
306 1624 384 1652 illum
405 1633 511 1659 errare,
539 1621 683 1651 ostenderit
709 1621 787 1650 illum
806 1632 858 1650 non
884 1623 935 1652 sibi

196 1668 318 1697 sufficere
333 1668 367 1696 ad
380 1667 559 1706 disciplinam,
572 1673 596 1695 et
611 1673 674 1695 tunc
690 1666 799 1694 demum
816 1677 876 1704 quae
887 1678 934 1697 sua

195 1720 257 1741 sunt
268 1714 421 1742 induxerit:
439 1713 476 1741 ita
490 1719 516 1741 et
528 1713 600 1740 Deus
611 1712 691 1750 jussit
705 1712 783 1740 initio
798 1713 873 1750 sequi
889 1724 936 1752 per

194 1770 285 1787 rerum
295 1766 442 1787 creatarum
452 1757 711 1797 comprehensionem
721 1769 729 1794 ;
742 1758 804 1795 quia
817 1769 880 1787 vero
888 1770 935 1787 no-

194 1805 313 1843 luerunt,
328 1816 388 1833 cum
407 1804 569 1843 experientia
588 1803 719 1832 docuisset
734 1803 794 1832 illos
814 1814 865 1832 non
882 1805 933 1833 sibi

194 1850 393 1887 sufficere‚tunc
402 1850 473 1889 ipsos
489 1848 524 1877 ad
536 1859 562 1877 se
571 1849 624 1877 alio
639 1848 719 1877 modo
731 1848 806 1877 ducit
817 1861 822 1876 :
835 1860 883 1888 pro
895 1857 933 1878 ta-

194 1897 258 1926 bula
278 1897 351 1926 dedit
366 1897 504 1926 mundum.
520 1897 612 1934 Neque
626 1896 653 1924 in
672 1896 713 1924 his
731 1896 852 1925 meditati
872 1903 933 1925 sunt

194 1943 361 1982 philosophi,
380 1953 463 1981 neque
483 1942 524 1970 illi
546 1941 657 1980 obsequi
670 1941 834 1979 voluerunt,
850 1953 933 1980 neque

195 1988 262 2016 hanc
271 1989 305 2016 ad
318 1990 407 2028 ipsum
421 1987 524 2026 ingredi
543 1987 633 2023 viam,
646 1997 726 2025 quam
742 1987 787 2016 ille
804 1988 930 2026 jusserat.

195 2034 282 2062 Aliam
294 2034 339 2062 ille
351 2034 459 2062 induxit
470 2034 540 2062 viam
552 2033 640 2072 priore
652 2033 862 2071 clariorem‚quae
874 2044 931 2072 per-

193 2079 315 2108 suaderet
329 2080 463 2108 hominem
481 2079 569 2108 solum
588 2089 638 2107 non
655 2078 707 2107 sibi
731 2078 782 2117 ipsi
801 2078 930 2107 sufficere.

194 2126 272 2154 Tunc
285 2125 355 2156 enixu
376 2125 471 2154 licebat
486 2125 625 2153 ratiocinia
640 2135 755 2160 movere,
776 2131 801 2152 et
823 2131 931 2152 externa

195 2171 233 2200 uti
245 2171 384 2210 sapientia,
397 2181 444 2210 per
457 2181 498 2199 res
515 2178 615 2199 creatas
629 2171 726 2199 ductos
740 2182 746 2198 :
761 2180 831 2198 nunc
842 2177 930 2199 autem

224 2292 234 2303 e
251 2284 312 2316 Reg.
322 2283 358 2315 [et
372 2283 413 2315 A]
423 2286 525 2315 μεγάλης
540 2288 583 2317 γὰρ
602 2285 722 2315 δυνάμεως.

224 2326 232 2333 ·
249 2324 258 2355 [
273 2322 377 2347 Addunt
389 2323 417 2346 Α.
432 2323 460 2347 Β.
474 2328 499 2345 οι
510 2330 589 2354 marg.
602 2322 678 2347 Saxil.
690 2326 727 2348 καὶ
738 2327 767 2348 τὰ
780 2324 880 2357 ἰσχυρά,]

224 2370 233 2380 ==
252 2364 300 2394 [In
313 2367 408 2385 textum
421 2362 555 2392 recepimus
565 2381 571 2391 ,
585 2369 659 2393 quam
676 2362 803 2385 communi
822 2370 943 2386 consensu

190 2401 360 2425 montfaucon}
376 2401 447 2432 fleg„
465 2401 543 2424 nostri
560 2400 590 2425 A.
612 2401 639 2423 B.
659 2405 683 2423 et
701 2400 778 2425 Savil.
802 2401 827 2424 in
852 2410 942 2433 marg„

190 2439 230 2463 hie
244 2439 340 2464 addunt
361 2440 522 2470 senteutiam,
540 2442 573 2464 ἵνα
585 2443 622 2465 τὸν
638 2444 744 2472 τῦφος...
758 2448 833 2472 usquc
852 2439 884 2463 ad
903 2439 940 2463 al-

189 2484 269 2502 terum
280 2483 352 2505 nol-rra
367 2485 422 2504 ποιεῖ
437 2488 441 2501 z
452 2487 505 2510 quae
518 2477 636 2504 videntur
646 2477 765 2503 excidisse
777 2484 880 2511 propter
894 2478 939 2503 ho-

624 143 763 166 sommis
791 145 971 168 CHRYSOST.
1003 147 1158 171 Auenti-11).
1187 148 1454 172 CONSTANTINOP-

1006 219 1063 240 νους
1076 208 1118 237 διὰ
1132 208 1178 243 τὴν
1191 208 1290 243 πολλὴν
1307 209 1448 237 οὐδένειαν.
1464 210 1542 238 Οὕτω
1556 211 1602 246 τὴν
1617 212 1717 248 πολλὴν
1729 213 1771 242 δύ-

1007 265 1084 289 ναμιν
1097 254 1257 288 ἐπεδείξατο,
1270 253 1312 281 διὰ
1323 256 1373 282 τῶν
1389 255 1468 292 μηδὲν
1482 251 1547 285 εἶναι
1560 257 1701 287 δοκούντων
1712 258 1771 292 τοὺς

1009 299 1136 336 μεγάλους
1158 299 1333 336 κατενεγκών·
1346 300 1409 339 ὅπερ
1430 301 1474 329 καὶ
1496 303 1611 341 ἀλλαχοῦ
1632 304 1716 342 λέγει,
1731 305 1771 333 ὅτι

1005 343 1012 352 l
1057 345 1081 354 ἢ]
1241 346 1247 354 9
1283 346 1289 354 Ἶ
1370 345 1376 354 Ι
1490 350 1505 356 Ν

979 352 982 358 ”
1016 346 1038 372 ll
1054 344 1161 382 ουναμίς
1173 357 1220 382 μου
1236 357 1262 373 εν
1276 347 1394 384 ασθενειᾳ
1407 347 1558 377 τελειουται,
1573 350 1703 388 εΜεγᾶλη
1719 350 1771 390 γὰρ

1007 389 1115 427 δύναμις
1128 391 1157 419 τὸ
1171 390 1228 423 τοὺς
1239 392 1447 430 ἀπερριμμένους
1459 393 1502 421 καὶ
1519 395 1627 432 μηδενὸς
1640 395 1771 433 μηδέποτε

1008 435 1162 473 μαθήματος
1184 437 1343 475 ἁψαμένους,
1358 437 1463 470 τούτους
1485 440 1575 477 ἀθρόον
1592 441 1625 469 τὰ
1645 440 1710 480 ὑπὲρ
1725 441 1769 470 τὸν

1006 480 1112 519 οὐρανὸν
1127 482 1257 510 παιδεύειν
1277 484 1432 522 φιλοσοφεῖν.
1452 484 1528 513 Ἐπεὶ
1549 486 1592 514 καὶ
1616 485 1703 525 ἰατρὸν
1724 487 1769 515 καὶ

1007 525 1103 564 ῥήτορα
1119 526 1163 554 καὶ
1176 526 1235 560 τοὺς
1256 528 1349 561 ἄλλους
1369 528 1485 562 ἅπαντας
1498 530 1556 558 τότε
1573 531 1688 568 μάλιστα
1703 534 1768 561 θαυ-

1006 569 1131 608 μάζομεν,
1142 571 1203 600 ὅταν
1217 572 1276 606 τοὺς
1292 573 1390 614 σφόδρα
1407 575 1510 608 ἰδιώτας
1525 576 1633 604 πείθωσι
1647 576 1691 604 καὶ
1705 589 1768 606 παι-

1005 614 1121 644 δεύωσιν.
1135 618 1167 645 Εἰ
1190 617 1215 646 δὲ
1230 618 1287 650 τοὺς
1307 619 1366 657 περὶ
1380 619 1474 659 τέχνης
1487 620 1578 660 λόγους
1595 624 1687 659 ,θαῦμα
1700 622 1767 661 μέγα

1004 660 1113 689 ἐνθεῖναι
1123 662 1213 701 ἰδιώτῃ
1221 685 1228 697 ,
1238 665 1327 702 πολλῷ
1337 666 1435 702 μᾶλλον
1445 665 1505 699 τοὺς
1513 666 1578 705 ὑπὲρ
1590 667 1717 703 τοσαύτης
1726 679 1767 706 φι-

1003 706 1133 745 λοσοφίας.
1147 709 1186 736 Οὐ
1199 708 1328 746 θαύματος
1343 709 1369 739 δὲ
1380 710 1465 739 ἕνεκεν
1484 712 1570 749 μόνον,
1585 712 1642 741 οὐδὲ
1655 715 1699 741 τοῦ
1718 714 1767 742 δεῖ·

1003 796 1067 836 ὑπὲρ
1081 800 1124 826 τοῦ
1138 800 1308 828 καταστεῖλαι
1322 800 1380 833 τοὺς
1396 802 1529 835 ἀλαζόνας.
1546 803 1593 832 Διὸ
1607 803 1652 832 καὶ
1665 804 1767 842 ἔμπρο-

1002 844 1060 871 σθεν
1076 842 1171 882 ἔλεγεν,
1183 843 1241 873 Ἵνα
1266 846 1427 885 καταισχύνῃ
1443 847 1501 880 τοὺς
1519 848 1639 887 σοφοὺς*,
1653 847 1695 876 ἵνα
1719 861 1767 877 κα-

1001 889 1119 927 ταργήσῃ
1132 890 1163 918 τὰ
1176 890 1252 926 ὄντα,
1261 891 1305 919 καὶ
1318 893 1426 920 ἐνταῦθα
1436 893 1515 921 πάλιν
1526 905 1531 910 ·
1543 892 1638 926 “om->g
1652 893 1688 932 μὴ
1703 905 1766 922 καυ-

1000 933 1117 971 χήσηται
1135 940 1207 964 πᾶσα
1223 935 1286 974 σὰρξ
1299 936 1408 965 ἐνώπιον
1421 941 1464 966 τοῦ
1476 938 1554 967 Θεοῦ.
1575 939 1668 967 Πάντα
1685 938 1736 977 γὰρ
1752 941 1766 968 ὁ

1000 980 1067 1012 Θεὸς
1079 980 1121 1009 διὰ
1135 985 1210 1010 τοῦτο
1224 984 1321 1016 ἓ’7-τοιεῖ,
1333 982 1374 1010 ἵνα
1388 983 1431 1011 τὸν
1446 986 1522 1022 τῦφον
1539 984 1582 1012 καὶ
1596 984 1626 1012 τὸ
1643 984 1765 1023 φρόνημα

999 1025 1173 1065 καταστείλῃ,
1186 1026 1227 1054 ἵνα
1244 1027 1272 1055 τὸ
1288 1030 1435 1066 καυχᾶσθαι
1451 1029 1546 1066 καθέλῃ
1556 1041 1562 1046 ·
1574 1029 1617 1057 καὶ
1632 1032 1704 1067 ὑμεῖς
1720 1029 1765 1058 ἐπὶ

998 1069 1092 1109 τούτῳ,
1110 1072 1398 1111 φησὶ,’ἐνδιατρί6ετε;
1414 1074 1501 1102 πάντα
1516 1079 1602 1110 ποιεῖ,
1624 1074 1665 1103 ἵνα
1681 1075 1763 1113 μηδὲν

998 1116 1096 1148 ἑαυτοῖς
1117 1117 1293 1155 λογιζώμεθα,
1307 1118 1349 1147 ἵνα
1370 1120 1456 1148 πάντα
1474 1122 1511 1159 τῷ
1532 1122 1594 1159 Θεῷ
1609 1121 1761 1161 ἐπιγράφω-

998 1172 1053 1198 μεν.
1072 1163 1124 1190 Καὶ
1143 1166 1215 1200 ὑμεῖς
1231 1164 1274 1192 ἐπὶ
1288 1167 1325 1204 τῷ
1342 1166 1405 1193 δεῖνι
1427 1165 1472 1194 καὶ
1491 1169 1529 1205 τῷ
1550 1167 1614 1195 δεῖνι
1628 1168 1695 1205 ὑμᾶς
1709 1169 1760 1196 αὐ-

995 1205 1052 1239 τοὺς
1072 1208 1335 1247 προσενείματε;Καὶ
1355 1210 1430 1243 ποίας
1453 1211 1570 1244 τεύξεσθε
1592 1212 1760 1250 συγγνώμης;

996 1251 1047 1280 Καὶ
1065 1253 1115 1292 γὰρ
1132 1254 1224 1287 ἔδειξεν
1241 1257 1254 1283 ὁ
1268 1255 1350 1290 Θεὸς,
1373 1255 1413 1284 ὅτι
1428 1257 1456 1284 οὔ
1478 1257 1584 1285 δυνατὸν
1606 1258 1637 1286 δι’
1659 1260 1759 1287 ἑαυτῶν

995 1300 1109 1332 σωθῆναι
1122 1299 1209 1337 μόνον,
1226 1300 1269 1328 καὶ
1281 1304 1355 1329 τοῦτο
1375 1301 1448 1341 παρὰ
1467 1301 1515 1337 τὴν
1529 1302 1612 1342 ἀρχὴν
1628 1303 1759 1338 ἐποίησεν.

994 1344 1033 1372 Οὖ
1047 1343 1098 1382 γὰρ
1109 1345 1168 1374 τότε
1180 1347 1212 1374 δι’
1228 1347 1325 1374 ἑαυτῶν
1338 1348 1454 1381 σωθῆναι
1469 1349 1535 1385 ἐνῆν,
1551 1349 1608 1377 ἀλλ’
1622 1348 1673 1377 ἔδει
1689 1349 1759 1378 κᾶλ-

993 1392 1036 1423 λος
1053 1392 1160 1430 οὖρανοῧ
1182 1392 1226 1420 καὶ
1241 1394 1287 1431 γῆς
1304 1392 1411 1431 μέγεθος
1425 1392 1469 1421 καὶ
1489 1395 1536 1428 τῆς
1550 1394 1631 1429 ἄλλης
1649 1394 1758 1428 κτίσεως

993 1436 1022 1464 τὸ
1036 1439 1113 1474 σῶμα
1124 1437 1317 1477 περιελθόντας,
1331 1437 1398 1466 οὕτω
1411 1443 1629 1477 χειραγωγεῖσθαι
1640 1439 1704 1480 πρὸς
1714 1441 1758 1470 τὸν

993 1483 1043 1510 τῶν
1058 1482 1140 1521 ἔργων
1164 1483 1328 1523 δημιουργόν.
1345 1483 1472 1518 Ἐποίησε
1496 1484 1523 1513 δὲ
1543 1489 1631 1522 τοῦτο,
1643 1497 1757 1526 προανα-

992 1527 1105 1555 στέλλων
1126 1527 1172 1563 τὴν
1194 1528 1339 1566 μέλλουσαν
1357 1528 1549 1568 ὺοῖησισοφίαν.
1563 1529 1610 1563 Ὡς
1626 1530 1656 1559 ἂν
1677 1531 1701 1560 εἴ
1718 1543 1758 1564 τις

993 1573 1146 1606 διδάσκαλος
1166 1573 1290 1607 κελεύσας
1312 1574 1420 1603 ἕπεσθαι
1446 1577 1484 1614 τῷ
1506 1578 1610 1615 μαθητῇ
1632 1572 1700 1616 ἧπερ
1726 1577 1757 1605 ἂν

992 1620 1102 1657 ἡγῆται,
1116 1619 1220 1648 ἐπειδὰν
1237 1619 1280 1658 ἴδῃ
1293 1620 1459 1658 προλαὲόντα
1479 1621 1524 1649 καὶ
1542 1621 1696 1660 βουλόμενον
1710 1623 1756 1661 ἀφ’

992 1665 1084 1693 ἑαυτοῦ
1104 1666 1189 1693 πάντα
1215 1668 1314 1702 μαθεῖν,
1330 1665 1402 1704 ἀφεὶς
1424 1666 1587 1706 διαμαρτεῖν,
1607 1667 1652 1696 καὶ
1672 1667 1756 1701 δείξας

991 1712 1026 1743 ὡς
1044 1712 1091 1739 οὐκ
1114 1713 1188 1751 ἀρκεῖ
1212 1711 1276 1749 πρὸς
1303 1711 1350 1745 τὴν
1371 1710 1494 1748 μάθησιν,
1510 1712 1591 1745 οὕτως
1610 1715 1680 1753 αὐτῷ
1696 1714 1754 1743 τότε

991 1756 1124 1794 ἐπεισάγοι
1144 1756 1177 1784 τὰ
1202 1758 1264 1796 παρ’
1287 1759 1392 1785 ἑαυτοῦ·
1415 1757 1482 1786 οὕτω
1503 1759 1547 1787 καὶ
1573 1763 1587 1790 ὁ
1609 1760 1676 1792 Θεὸς
1698 1761 1756 1790 ε’κέ-

988 1801 1062 1829 λευσε
1074 1801 1146 1840 παρὰ
1158 1801 1204 1836 τὴν
1218 1801 1301 1841 ἀρχὴν
1311 1796 1424 1830 ιἕπεσθαι
1435 1803 1479 1831 διὰ
1491 1805 1538 1838 τῆς
1549 1805 1616 1832 κατὰ
1629 1804 1676 1841 τὴν
1693 1805 1754 1834 κτί-

965 1860 969 1867 ¹
989 1858 1028 1875 σιν
1041 1847 1213 1886 καταλήψεως
1224 1859 1230 1864 ·
1244 1847 1334 1882 ἐπειδὴ
1350 1847 1376 1876 δὲ
1397 1849 1443 1876 οὐκ
1458 1849 1592 1886 ἐθέλησαν,
1611 1850 1693 1884 δείξας
1710 1851 1753 1880 διὰ

988 1894 1034 1927 τῆς
1055 1893 1159 1931 πείρας,
1179 1892 1218 1921 ὅτι
1238 1893 1283 1921 οὐκ
1305 1895 1426 1932 ἀρκοῦσιν
1451 1895 1565 1931 ἑαυτοῖς,
1583 1895 1641 1925 τότε
1661 1897 1753 1930 αὐτοὺς

987 1939 1051 1978 πρὸς
1068 1939 1158 1967 ἑαυτὸν
1173 1938 1267 1978 ἑτέρως
1282 1938 1360 1967 πάλιν
1381 1939 1452 1978 ἄγει·
1469 1939 1563 1969 ἔδωκεν
1585 1942 1643 1970 ἀντὶ
1662 1942 1750 1971 δέλτου

986 1984 1029 2013 τὸν
1045 1985 1150 2022 κόσμον.
1162 1984 1231 2013 Οὐδὲ
1247 1985 1290 2012 (ἐν
1315 1983 1413 2017 τούτοις
1429 1985 1590 2022 ἐμελέτησαν
1605 1989 1628 2015 οἱ
1646 1987 1751 2027 φιλόσο-

986 2042 1042 2069 φοι,
1071 2030 1129 2058 οὐδὲ
1157 2031 1227 2068 αὐτῷ
1248 2032 1386 2065 πεισθῆναι
1412 2031 1552 2068 ἠθέλησαν,
1577 2032 1633 2062 οὐδὲ
1653 2033 1749 2068 ταύτην

985 2079 1066 2106 ἐλθεῖν
1086 2076 1132 2111 τὴν
1147 2077 1203 2105 ὁδὸν
1213 2077 1276 2115 πρὸς
1291 2076 1377 2113 αὐτὸν,
1390 2077 1422 2112 ἣν
1437 2077 1512 2110 αὐτὸς
1525 2078 1669 2108 ἐκέλευσεν.
1682 2079 1748 2108 Εἰσ-

985 2123 1082 2161 ήγαγεν
1098 2122 1187 2161 ἑτέραν
1208 2122 1265 2150 ὁδὸν
1290 2124 1336 2157 τ’ῆς
1358 2122 1485 2162 προτέρας
1503 2124 1674 2163 σαφεστέραν,
1692 2125 1749 2154 πεί-

984 2171 1076 2198 θουσαν
1090 2168 1129 2197 ὅτι
1148 2169 1194 2197 οὐκ
1208 2166 1340 2206 αὐτάρκης
1360 2167 1493 2206 ἄνθρωπος
1506 2169 1580 2201 αὐτὸς
1602 2171 1686 2210 ἑαυτῷ
1698 2170 1748 2208 μό-

996 2287 1168 2318 moeoteleuia‚
1194 2286 1420 2318 frequentissimam
1440 2286 1507 2312 illam
1526 2287 1670 2314 lacunarum
1689 2299 1747 2314 cau-

994 2326 1070 2358 sam.]

1026 2367 1038 2384 b
1056 2366 1064 2397 [
1076 2366 1113 2389 Ita
1127 2365 1220 2396 optime
1235 2364 1263 2389 A.
1279 2364 1305 2387 B.
1319 2363 1388 2388 Editi
1400 2369 1467 2393 οἴησιν
1478 2368 1515 2391 καὶ
1529 2367 1626 2399 σοφίαι]

1024 2412 1034 2423 0
1053 2405 1099 2435 [Α.
1110 2408 1131 2429 ἑν
1143 2407 1223 2436 τούτῳ.
1236 2404 1293 2426 Mox
1307 2403 1373 2427 idem
1387 2406 1435 2429 οὐδὲ
1452 2406 1535 2432 ταύτην
1553 2407 1622 2430 ἐλθεῖν
1638 2411 1678 2435 τὴν
1696 2409 1744 2434 ὶόὸν

992 2448 1108 2476 ἠνέσχοντο
1118 2462 1124 2474 ,
1138 2447 1162 2472 ἣν
1179 2445 1298 2473 iniierunt,
1310 2448 1442 2475 utrumque
1454 2450 1497 2474 per
1509 2450 1534 2467 se
1546 2442 1662 2476 bonum]
