1906 2866
536 149 567 173 {N
596 147 703 173 Epis’r.
734 149 769 171 11.

66 216 118 247 Καὶ
140 215 162 245 εἷ
186 214 232 254 μέν
254 214 294 248 τίς
315 226 356 244 σοι
380 213 569 246 κατεσκεύαζεν
594 213 692 247 οἰκίας,
715 211 777 240 ἔνθα
799 211 836 250 μὴ

66 263 172 300 ἔμελλες
189 262 284 299 μένειν,
298 260 394 299 ζημίαν
411 260 441 288 τὸ
462 265 574 298 πρᾶγμα
590 259 713 296 ἐνόμισας
728 257 759 286 ἄν
771 269 777 274 ·
793 260 837 286 νῦν

68 308 94 337 δὲ
110 309 221 336 ἐνταῦθα
247 307 333 345 βούλει
354 307 487 339 πλουτεῖν,
501 305 557 334 ὅθεν
573 305 618 333 καὶ
632 305 683 344 πρὸ
697 307 744 339 ’.ἧς
757 304 838 333 ἑσπέ-

69 366 115 393 ρας
131 354 234 392 μέλλεις
251 352 376 384 πολλάκις
390 352 550 388 &me-wem
571 352 629 379 Οὐκ
642 346 713 383 οἶδας
724 374 730 385 ,
746 351 785 379 ὅτι
797 350 838 379 ἐπ’

69 399 207 436 ἀλλοτρίας
221 397 399 437 διατρίῖἶομεν,
415 396 535 435 καθάπερ
552 395 618 428 ξένοι
635 396 680 424 καὶ
700 396 840 436 πάροικοι,

70 446 115 473 οὖν.
130 440 216 478 οἶδας,
235 443 274 471 ὅτι
290 442 424 481 παροίκων
447 442 516 470 ἐστὶν
537 441 728 475 ἐκῧοὶλλεσῡαι,
745 441 788 469 ὅτε
804 440 840 478 μὴ

69 491 253 528 προσδοκῶσι,
276 489 342 526 μηδὲ
366 488 526 522 ἐλπίζουσιν,
549 487 614 525 ὅπερ
636 487 681 515 καὶ
696 490 774 525 ’ἡμεῖς
791 488 842 515 ποί-

68 547 178 574 σχομεν.
192 534 243 562 Διὰ
256 534 286 568 δὴ
301 537 376 562 τοῦτο
387 557 394 569 ,
407 533 455 562 ὅσα
474 534 503 561 ἂν
517 532 771 571 κατασκευάσωμεν,
796 535 840 561 ἐν-

68 584 151 609 ταῦθα
164 580 283 618 ἀφίεμεν,
295 582 335 608 0=3
347 580 398 618 γὰρ
411 583 544 618 συγχωρεῖ
555 581 568 606 ὁ
581 578 718 613 Δεσπότης
733 578 841 616 lay-Gd-

68 638 159 659 νοντας
181 626 247 654 αὐτὰ
273 627 405 659 ἀπελθεῖν,
422 625 451 653 οἷν
468 637 496 652 τε
511 623 595 656 οἰκίας
610 624 838 662 οἷκοδομήσωμεν,

70 672 100 700 ἄν
115 683 144 700 τε
160 671 254 710 ἀγροὺς
269 671 452 710 ἀγοράσωμεν,
474 670 504 698 οἷν
529 681 557 698 τε
583 670 735 708 ἀνδράποδα
746 693 753 705 ,
769 670 799 698 ἅν
813 681 842 697 τε

69 717 164 753 σκεύη,
183 718 213 746 ἄν
235 730 264 746 τε
284 717 372 757 ἕτερον
396 729 422 745 τι
443 718 571 744 τοιοῦτον.
595 716 635 744 Οὐ
651 716 728 752 μόνον
749 716 775 744 δὲ
797 718 843 745 οὐκ

69 763 176 804 ἀφίησιν
192 766 306 792 ἐντεῦθεν
321 763 451 795 λαῧόντας
472 764 604 796 ἀπελθεῖν,
623 763 681 790 ἀλλ’
698 761 756 790 οὐῗὲ
770 762 843 799 λογί-

70 809 142 843 ζεταί
156 821 197 838 σοι
211 810 255 838 τὸν
273 809 366 847 μισΟόν
376 821 381 826 ·
395 813 506 847 προεῖπε
521 808 572 847 γάρ
587 820 629 836 σοι
640 829 647 842 ,
664 807 703 836 ὅτι
720 807 756 846 μὴ
774 810 844 836 οἷκο-

71 855 204 894 ὃομήσῃς,
217 855 284 892 μηδὲ
298 855 452 893 δαπανῆσῇς
466 855 499 883 τὰ
515 854 657 892 ἀλλότρια,
672 854 739 882 ἀλλὰ
751 854 784 882 τὰ
799 854 843 882 σοί.

70 901 107 930 Τί
120 901 207 929 τοίνυν
219 901 252 929 τὰ
265 901 298 929 σὰ
321 901 409 939 ἀφεὶς,
424 902 450 928 ἐν
462 905 516 933 τοῖς
529 899 675 939 ἀλλοτρίοις
687 899 782 939 ἐργάζῃ
799 900 844 928 καὶ

68 947 187 986 δαπανᾷς
197 969 204 982 ,
217 946 261 974 ἵνα
276 946 409 982 ἀπολέσῃς
420 946 465 974 καὶ
477 946 520 973 τὸν
536 945 613 973 πόνον
627 944 672 973 καὶ
683 945 726 973 τὸν
740 944 842 982 μισθὸν,

67 992 112 1021 καὶ
123 993 231 1021 κόλασιν
244 992 292 1027 τὴν
307 991 422 1030 ἐσήατην
436 990 595 1028 ὑπομείνῃςς
608 991 654 1025 Μὴ
665 1013 672 1025 ,
684 992 842 1028 παρακαλῶ·

68 1039 126 1067 ἀλλ’
143 1038 232 1073 ἐπειδὴ
245 1040 277 1076 τῇ
295 1037 371 1076 φύσει
387 1036 466 1075 ἐσμὲν
485 1036 625 1076 πάροικοι,
643 1036 781 1074 γενώμεθα
797 1037 843 1065 καὶ

68 1084 238 1124 προαιρέσει,
252 1083 295 1111 ἵνα
309 1083 345 1121 μὴ
359 1084 412 1111 ἐκεῖ
427 1082 564 1120 γενώμεθα
579 1082 702 1121 πάροικοι
719 1082 764 1110 καὶ
785 1082 842 1110 ἅτι-

70 1141 114 1168 μοι
126 1129 172 1158 καὶ
184 1128 388 1168 ἀπερριμμένοι.
408 1127 454 1157 Ἂν
475 1128 526 1167 γὰρ
549 1129 659 1156 ἐνταῦθα
676 1129 843 1166 βουληθῶμεν

68 1175 187 1214 γενέσθαι
202 1176 328 1210 πολῖται,
351 1173 410 1202 οὔτε
423 1175 534 1202 §xa-„2302
549 1173 662 1210 ἐσόμεθα
674 1195 681 1209 ,
698 1173 757 1201 οὔτε
772 1175 825 1201 ἐκεῖ
838 1184 843 1190 ’

70 1221 100 1249 ἂν
126 1220 153 1248 δὲ
179 1221 303 1260 πάροικοι
329 1219 460 1257 μείνωμεν
489 1219 561 1252 ὄντες
572 1241 579 1254 ,
606 1219 651 1246 καὶ
677 1219 844 1257 διαγάγωμεν

69 1266 165 1302 οὕτως,
179 1267 216 1298 ὡς
237 1265 380 1304 παροίκους
401 1265 545 1303 διατρίὸειν
566 1265 648 1299 εἰκὸς,
669 1265 784 1292 πολιτῶν
800 1264 845 1292 καὶ

71 1314 181 1341 ἐνταῦθα
197 1312 243 1340 καὶ
264 1314 318 1340 ἐκεῖ
341 1311 480 1350 ληψόμεθα
505 1309 665 1349 παρρησίαν.
682 1309 715 1338 Ὁ
736 1309 787 1349 γὰρ
810 1310 846 1338 δι’·

71 1369 160 1394 καιος,
173 1358 219 1386 καὶ
233 1357 314 1395 μηδὲν
329 1357 408 1396 ἔχων,
425 1357 470 1385 καὶ
486 1357 597 1384 ἐνταῦθα
612 1357 638 1384 ἐν
653 1359 707 1388 τοῖς
722 1356 846 1384 ἁπάντων

72 1406 108 1437 ὡς
119 1406 144 1432 ἐν
161 1408 214 1436 τοῖς
235 1405 326 1432 ἑαυτοῦ
350 1403 500 1442 διατρίψει,
516 1402 561 1430 καὶ
580 1402 646 1441 πρὸς
669 1402 713 1430 τὸν
736 1402 844 1440 οὐρανὸν

73 1449 203 1484 ἀπελθὼν,
227 1449 319 1487 ὄψεται
339 1449 386 1481 τὰς
409 1448 529 1481 αἰωνίους
553 1449 631 1476 αὑτοῦ
656 1448 770 1483 σκηνάς·
801 1447 847 1475 καὶ

73 1495 130 1524 οὔτε
143 1497 256 1524 ἐνταῦθα
268 1494 389 1524 πείσεταί
400 1507 427 1522 τι
440 1496 491 1523 τῶν
514 1495 601 1529 ἀηδῶν
613 1505 619 1511 ·
636 1494 694 1522 οὔτε
710 1493 761 1532 γὰρ
777 1493 845 1527 ξένον

73 1541 151 1570 αὐτόν
172 1553 212 1574 τις
233 1542 346 1575 ποιῆσαι
361 1540 502 1575 δυνήσεται
524 1539 568 1567 τὸν
583 1545 671 1568 πᾶσαν
689 1541 738 1577 γῆν
751 1538 846 1577 ἔχοντα

73 1587 150 1615 πόλιν
159 1598 165 1604 ·
181 1587 227 1615 καὶ
248 1586 296 1621 τὴν
309 1588 387 1614 αὖτοῧ
400 1585 517 1623 πατρίδα
533 1585 686 1620 ἀπολαέὼν,
700 1584 844 1617 ἐπιδέξεται

73 1632 116 1660 τὸν
132 1633 217 1667 ἀληθῆ
231 1633 356 1660 πλοῦτον.
377 1630 427 1659 “Iv’
446 1627 490 1659 οἶν
506 1631 644 1670 ἀμφότερα
668 1629 847 1668 κερδάνωμεν,

73 1677 119 1706 καὶ
135 1676 168 1705 τὰ
184 1679 295 1706 ἐνταῦθα
309 1677 354 1705 καὶ
369 1676 402 1704 τὰ
418 1678 488 1712 ἐκεῖ,
507 1678 542 1708 εἷς
565 1676 622 1704 δέον
639 1681 692 1708 τοῖς
707 1670 766 1703 οἶσι
779 1687 845 1714 χρη-

74 1722 191 1760 σώμεθα.
205 1722 284 1751 Οὕτω
307 1723 358 1762 γὰρ
380 1721 494 1759 ἐσόμεθα
510 1724 561 1750 τῶν
584 1723 699 1760 οὐρανῶν
722 1722 846 1757 πολῖται,

74 1767 119 1795 καὶ
146 1768 246 1801 πολλῆς
273 1766 478 1804 ἀπολαυσόμεθα
505 1766 670 1805 παρρησίας
697 1761 727 1800 ἧς
749 1765 850 1803 γένοιτο

73 1813 174 1846 πάντας
190 1815 260 1851 ἡμᾶς
273 1814 418 1852 ἐπιτυχεῖν,
429 1812 520 1851 χάριτι
533 1812 579 1841 καὶ
590 1811 788 1852 φιλανθρωπία,
804 1812 850 1840 καὶ

75 1858 109 1887 τὰ
123 1858 190 1894 ἑξῆς.

799 148 844 170 ΑΙ)
871 148 947 170 COR.

860 719 879 742 D

862 1177 880 1199 E

855 1611 891 1629 558

865 1640 882 1660 Α

979 147 1097 170 nomn.
1126 144 1200 169 xvi.
1571 132 1641 179 (357

891 209 1007 249 cipiunt,
1031 210 1128 237 suturae
1150 207 1300 237 mercedem
1324 207 1460 236 minuunt.
1476 206 1552 234 Itane
1575 216 1640 235 vero

892 264 930 294 tu,
945 268 1007 286 cum
1023 257 1163 296 pecuniam
1177 256 1272 284 foenori
1288 255 1345 292 das,
1361 261 1459 283 sortem
1472 261 1547 282 tuam
1557 254 1640 291 longo

893 311 952 343 post
967 311 1086 342 tempore
1108 303 1225 342 recipere
1246 302 1332 341 cupis,
1351 312 1381 330 ac
1397 301 1508 329 fortasse
1523 310 1555 328 ne
1570 300 1642 328 reci-

893 360 956 389 pere
975 349 1101 388 quidem,
1118 356 1147 377 ut
1170 360 1204 377 ex
1225 359 1299 376 mora
1318 348 1404 375 foenus
1420 346 1472 375 tibi
1492 351 1640 383 augeatur:

893 396 939 424 hic
954 403 1045 424 contra
1061 395 1150 424 statim
1165 394 1268 433 exigis,
1284 393 1365 432 idque
1377 404 1439 421 cum
1453 402 1506 420 non
1521 391 1577 429 hic,
1595 390 1641 419 sed

894 442 950 470 illic
962 449 1092 481 perpetuo
1107 442 1212 469 futurus
1227 441 1281 476 sis;
1296 450 1348 468 non
1362 439 1408 467 hic
1417 437 1552 477 judicium
1565 436 1642 465 subi-

895 493 983 523 turus,
998 487 1044 515 sed
1062 486 1119 514 illic
1142 496 1248 514 causam
1273 483 1417 513 dicturus?
1431 483 1465 511 Et
1487 481 1598 520 quidem
1620 481 1642 509 si

895 533 944 561 tibi
965 532 1098 571 quispiam
1116 532 1186 560 :edes
1207 531 1262 559 illic
1284 536 1441 570 appararet,
1453 528 1501 556 ubi
1524 537 1643 556 commo-

897 586 1003 608 raturus
1014 579 1124 607 minime
1135 576 1385 615 esses,contumeli;c
1395 575 1424 603 id
1434 574 1560 611 duceres;
1572 583 1644 601 nunc

895 633 985 653 autem
1000 625 1046 653 hic
1060 624 1136 653 dives
1153 634 1208 652 esse
1222 622 1322 657 studes,
1339 620 1410 650 unde
1424 627 1484 648 ante
1504 629 1643 658 vesperam

896 682 1002 709 quoque
1015 671 1127 699 sortasse
1144 668 1316 708 migrandum
1328 667 1379 696 tibi
1394 666 1456 695 est?
1471 667 1513 694 Au
1527 672 1552 693 te
1574 664 1646 703 fugit

898 728 944 746 nos
960 718 987 746 in
1003 717 1089 745 aliena
1105 716 1211 755 regione
1232 722 1368 752 tamquam
1382 712 1502 752 hospites
1516 718 1542 740 et
1557 710 1645 740 adve-

899 774 945 792 nas
957 763 1059 792 versari
1071 763 1084 791 .⁹
1098 773 1132 791 an
1147 762 1232 791 nescis
1243 761 1360 789 advenas
1373 770 1402 788 ea
1414 769 1468 788 csse
1482 757 1644 793 conditione,

898 817 926 838 ut
948 817 1005 838 tuin
1023 809 1176 848 ejiciantur,
1192 818 1255 836 cum
1276 805 1386 834 minime
1403 805 1432 833 id
1454 810 1609 843 exspectant
1620 808 1647 830 et

898 857 1064 896 opinantur?
1080 855 1109 884 id
1132 855 1206 894 quod
1230 854 1307 883 nobis
1329 864 1379 881 usu
1402 852 1486 880 venit.
1503 853 1646 890 Propterea

897 903 1031 942 quidquid
1045 902 1258 931 exstinxerimus
1268 923 1276 937 ‚
1291 899 1336 928 hic
1351 898 1538 936 relinquimus.
1554 898 1648 934 Neque

897 949 968 978 euim
982 949 1046 977 sinit
1061 959 1108 977 nos
1123 948 1256 976 Dominus
1271 957 1301 975 ca
1313 945 1453 974 nobiscum
1464 943 1529 972 hinc
1540 942 1645 977 efferre,

897 995 954 1024 sive
967 995 1063 1023 domos
1078 993 1290 1028 condiderimus,
1307 991 1364 1020 sive
1379 989 1481 1030 praedia
1493 988 1648 1024 emcrimus,

897 1041 953 1069 sive
973 1040 1126 1079 mancipia,
1145 1039 1203 1067 sive
1228 1049 1309 1074 vasa,
1328 1037 1384 1065 sive
1405 1035 1480 1064 aliud
1505 1033 1646 1073 quidpiam

896 1086 1016 1126 ejusdem
1037 1086 1148 1124 generis.
1165 1085 1220 1113 Nec
1235 1094 1300 1112 vcro
1324 1090 1348 1111 te
1367 1082 1511 1110 dumtaxat
1534 1080 1648 1108 minime

898 1133 960 1160 sinit
977 1143 1006 1160 ea
1023 1138 1109 1159 tecum
1125 1131 1230 1165 efferre,
1248 1129 1296 1157 sed
1318 1139 1350 1156 ne
1366 1127 1518 1155 mercedem
1537 1125 1648 1163 quidem

898 1178 947 1206 tibi
971 1177 1088 1215 assignat
1102 1189 1107 1204 z
1124 1175 1252 1214 praedixit
1269 1174 1340 1203 enim
1357 1172 1408 1200 tibi
1422 1182 1453 1200 ac
1468 1171 1649 1205 denuntiavit,

898 1234 932 1251 ne
943 1222 1060 1250 aedifices
1076 1228 1156 1259 atque
1175 1229 1317 1248 consumas
1330 1218 1427 1253 aliena,
1440 1216 1486 1245 scd
1510 1223 1564 1244 tua.
1574 1215 1650 1250 Quid

899 1269 985 1308 igitur
1001 1278 1087 1296 causae
1103 1273 1155 1302 cst,
1170 1276 1219 1294 cur
1234 1264 1335 1293 relictis
1348 1264 1413 1301 tuis,
1430 1263 1457 1291 in
1472 1261 1567 1290 alienis
1582 1271 1650 1300 ope-

899 1325 958 1343 ram
978 1325 1060 1342 naves
1075 1320 1101 1342 et
1115 1319 1219 1342 sumtus
1239 1311 1332 1348 facias,
1348 1317 1379 1338 ut
1394 1309 1432 1337 sic
1446 1315 1472 1337 et
1487 1308 1607 1336 laborem
1626 1314 1652 1335 et

899 1361 1049 1390 mercedem
1065 1359 1170 1400 perdas,
1188 1366 1213 1387 et
1227 1364 1360 1386 extremas
1372 1366 1463 1396 poenas
1484 1354 1600 1383 subeas?
1612 1354 1651 1381 Ne

899 1420 999 1448 quaeso,
1014 1409 1066 1437 hoc
1081 1406 1296 1442 committamus;
1310 1414 1405 1432 verum
1418 1402 1481 1441 quia
1497 1408 1592 1430 natura
1602 1399 1652 1429 ad-

901 1466 974 1483 vcnae
991 1464 1096 1489 sumus,
1113 1453 1202 1481 animo
1218 1460 1326 1489 quoque
1347 1459 1377 1477 ac
1391 1449 1532 1477 voluntate
1548 1447 1632 1475 simus
1643 1468 1650 1481 ,

899 1510 932 1528 ne
949 1498 1052 1537 alioqui
1067 1498 1124 1526 illic
1147 1497 1257 1525 advenae
1273 1495 1367 1528 simus,
1381 1501 1462 1531 atque
1484 1491 1610 1521 contemti
1627 1497 1652 1519 et

900 1546 1005 1584 abjecti.
1021 1546 1092 1573 *Nam
1113 1543 1135 1571 si
1148 1543 1218 1571 cives
1240 1541 1285 1569 hic
1309 1540 1381 1569 effici
1408 1540 1436 1567 in
1461 1538 1584 1566 animum
1605 1537 1651 1564 in·-

901 1592 1077 1627 duxerimus,
1092 1600 1140 1618 nec
1161 1589 1206 1617 hic
1228 1588 1301 1616 cives
1315 1586 1428 1622 erimus,
1445 1594 1493 1612 nec
1513 1583 1570 1611 illic
1586 1594 1592 1609 z
1609 1582 1651 1611 sin

900 1646 989 1667 autem
1008 1637 1054 1666 hic
1075 1636 1185 1665 advenae
1205 1645 1261 1663 esse
1281 1631 1553 1673 perseveraverimus,
1571 1636 1651 1667 atque

901 1686 952 1721 ita,
964 1691 993 1712 ut
1008 1683 1127 1712 advenas
1142 1681 1233 1716 decet,
1247 1679 1332 1708 vitam
1350 1677 1491 1716 degamus,
1505 1676 1607 1704 civium
1620 1675 1653 1703 h-

900 1732 1031 1760 liertatem
1046 1739 1076 1757 ac
1093 1727 1223 1756 fiduciam
1237 1732 1263 1754 et
1282 1725 1309 1753 in
1326 1724 1377 1752 hac
1394 1730 1419 1752 et
1435 1723 1463 1751 in
1487 1722 1578 1750 futura
1595 1721 1653 1750 vita

902 1786 1108 1815 consequemur.
1124 1774 1177 1804 Vir
1198 1773 1298 1812 quippe
1315 1772 1415 1811 justus,
1431 1769 1537 1798 etiamsi
1562 1768 1652 1797 nullas

902 1834 964 1863 opes
988 1822 1085 1851 habeat
1096 1843 1103 1856 ,
1121 1827 1208 1848 tamen
1222 1825 1248 1846 et
1260 1817 1305 1846 hic
1316 1817 1344 1845 in
1359 1816 1481 1845 omnium
1494 1814 1573 1843 bonis
1583 1820 1653 1842 tam-

902 1880 985 1908 quam
1000 1868 1027 1896 in
1043 1867 1099 1895 suis
1112 1864 1282 1899 versabitur,
1297 1870 1322 1891 et
1336 1862 1370 1891 ad
1387 1861 1481 1890 caelum
1496 1860 1632 1899 profectus
1642 1881 1651 1897 ,

904 1922 1001 1944 aeterna
1019 1910 1193 1941 tabernacula
1212 1920 1258 1938 sua
1279 1907 1424 1947 conspiciet
1438 1917 1444 1933 z
1461 1916 1492 1934 ac
1507 1915 1594 1943 neque
1606 1904 1653 1932 hic

904 1958 1046 2000 injucundi
1060 1956 1211 1995 quidquam
1229 1953 1411 1993 perpetietur;
1426 1961 1474 1980 nec
1488 1951 1559 1979 enim
1574 1950 1653 1988 quis-

904 2017 985 2046 quam
998 2016 1070 2041 cum,
1084 2003 1130 2041 qui
1143 2009 1241 2030 terram
1252 2002 1406 2028 universam
1418 2008 1467 2038 pro
1483 1997 1591 2026 civitate
1602 2007 1650 2025 sua

902 2054 1011 2088 habeat,
1027 2049 1199 2091 peregrinum
1214 2047 1298 2076 facere
1314 2045 1428 2085 poterim
1447 2051 1472 2073 et
1489 2043 1582 2083 patria:
1598 2053 1652 2071 suae

904 2100 1057 2134 restitutus,
1072 2106 1149 2125 veras
1164 2104 1228 2133 opes
1244 2092 1367 2132 accipiet.
1385 2092 1425 2120 Ut
1444 2090 1540 2129 igitur,
1556 2095 1583 2117 et
1596 2088 1651 2116 hu-

901 2147 947 2187 jus
959 2152 984 2174 et
997 2144 1071 2173 illius
1080 2141 1144 2171 vitae
1157 2141 1228 2169 bona
1244 2139 1381 2167 lucremur
1391 2159 1398 2173 ‚
1412 2135 1586 2165 facultatibus
1600 2144 1653 2162 no-

904 2192 978 2229 stris,
991 2197 1021 2219 ut
1034 2200 1083 2229 par
1100 2194 1150 2222 est,
1164 2193 1283 2215 utamur.
1300 2184 1346 2214 Sic
1359 2183 1430 2212 enim
1450 2182 1511 2217 fiet,
1527 2187 1556 2208 ut
1572 2180 1653 2209 caelo-

904 2249 966 2267 rum
989 2237 1060 2266 cives
1082 2234 1177 2268 simus,
1199 2239 1224 2260 et
1245 2231 1332 2260 multa
1354 2229 1479 2258 libertate
1502 2238 1532 2256 ac
1553 2226 1653 2255 fiducia

904 2284 1075 2325 perfruamur
1087 2293 1093 2310 ε
1104 2291 1156 2320 qua
1177 2278 1280 2307 utinam
1294 2276 1372 2305 nobis
1386 2273 1511 2303 omnibus
1526 2272 1579 2302 frui
1589 2282 1654 2301 con-

906 2330 1001 2369 tingat,
1012 2338 1060 2368 per
1071 2325 1187 2366 gratiam
1200 2331 1226 2353 et
1237 2321 1442 2361 benignitatem,
1459 2326 1509 2348 etc.
