1860 2876
557 212 587 234 lx
618 211 723 233 Et‘lST.

49 277 178 317 Κορίνθῳ.
196 277 230 306 Εἰ
245 275 271 305 δὲ
286 277 299 304 ὁ
323 275 399 307 τόπος
414 274 534 313 χωρίζει,
550 274 606 302 ἀλλ’
627 275 640 302 ὁ
657 271 749 311 Κύριος
772 273 818 300 αὗ-

50 324 110 356 τοῦς
123 323 248 353 συνάπτει
266 321 350 354 κοινὸς
374 321 408 350 ὧν
424 334 429 339 ·
445 322 484 350 διὸ
501 321 546 349 καὶ
563 321 626 348 ἑνῶν
648 317 741 350 αὐτοὺς
756 318 820 352 ἐπή-

49 381 114 409 γαγε
131 370 175 404 τὸ,
192 369 286 407 Ἣμῶν
305 380 333 396 τε
348 368 391 397 καὶ
413 369 510 396 αὐτῶν.
525 366 598 396 Πολὺ
618 365 644 395 δὲ
663 367 739 393 τοῦτο
753 363 819 392 ἐκεί-

49 427 94 445 νου
116 415 283 455 κυριώτερον.
303 414 409 454 Ὥσπερ
425 414 476 454 γὰρ
498 415 521 442 οἱ
545 414 571 441 ἕν
594 412 632 441 ἑνὶ
648 411 722 450 τόπῳ
735 410 820 446 ὄντες,

50 460 111 490 ὅταν
125 460 236 494 πολλοὺς
249 460 344 499 ἔχωσιν
359 460 489 492 ἐναντίους
501 458 643 494 δεσπότας,
660 457 820 495 διεσπασμέ-

49 519 88 536 νοι
110 507 173 543 εἰσὶ,
194 506 239 535 καὶ
259 506 330 535 οὐδὲν
346 505 398 534 ἀπὸ
411 509 456 535 τοῦ
474 505 554 534 τόπου
568 506 604 536 εἷς
619 503 740 541 ὁμόνοιαν
754 503 820 542 ὠφε-

49 554 170 588 λοῦνται,
186 551 299 591 διάφορα
320 553 372 580 τῶν
396 552 528 580 δεσποτῶν
551 548 759 585 ἐπιταττόντων,
775 548 820 577 καὶ

49 598 116 638 πρὸς
127 597 234 631 ἑαυτους
245 597 393 626 ἑλκόντων·
417 598 458 626 Οὐ
475 596 586 625 δύνασθε
601 595 661 634 γὰρ,
672 594 746 634 φησὶ,
757 595 820 632 Θεῳ

51 644 180 674 δουλεύειν
202 643 247 673 καὶ
266 647 420 682 μαμμωνᾶ·
436 642 518 675 οὕτως
538 644 561 670 οἱ
583 644 609 671 ἐν
635 640 766 679 διαφόροις
779 639 822 668 τό-
838 641 857 664 E
874 650 1070 668 mammonae:
1081 639 1119 668 sic
1133 639 1179 678 qui
1194 639 1220 668 in
1236 638 1352 669 diversis
1366 637 1432 667 locis
1444 645 1516 675 sunt,
1531 638 1554 666 si
1568 648 1643 666 non
1633 631 1669 657 ‘'¹

50 702 109 724 ποις
121 690 202 726 ὄντες,
217 689 262 718 ἐὰν
278 688 314 728 μὴ
330 688 500 729 διαφόρους
486 700 567 727 symm
580 686 692 726 κυρίους,
704 687 761 714 ἀλλ’
776 685 822 715 ἕνα

51 736 143 774 μόνον,
157 735 231 765 οῦδὲν
245 735 298 764 ἀπὸ
319 737 370 764 τῶν
384 735 472 764 τόπων
496 736 532 766 εἷς
548 733 670 771 ὁμόνοιαν
686 732 824 771 παραὸλά-

50 794 175 818 πτονται,
189 785 234 811 τοῦ
246 780 343 821 Κυρίου
354 783 399 809 τοῦ
414 780 470 813 ἑνὸς
484 779 659 811 συνάπτοντος
671 777 771 810 αὐτούς.
784 779 824 807 Οὐ

50 828 120 866 λέγω
130 827 225 863 τοίνυν,
233 827 320 867 φησὶν,
328 826 368 855 ὅτι
382 826 446 866 πρὸς
455 825 606 865 Κορινθίους
615 824 745 863 Κορίνθιοι
754 824 824 857 ὄντες

51 878 168 913 ὁμονοεῖν
185 873 302 913 ὀφείλετε
317 872 411 911 μόνον,
424 872 491 900 ἀλλὰ
506 871 551 900 καὶ
564 871 628 908 πρὸς
647 870 748 901 πάντας
766 869 825 902 τοὺς

51 923 77 950 ἐν
95 922 127 958 τῇ
143 918 281 956 οἰκουμένῃ
296 918 380 956 πάσῃ,
395 917 479 945 κοινὸν
491 916 594 954 ἔχοντες
609 914 756 948 Δεσπότην.
773 914 825 943 Διὰ

51 969 127 994 τοῦτο
139 965 185 994 καὶ
199 966 229 994 ἐκ
245 963 365 1003 δευτέρου
379 962 527 1002 προσέθηκε
541 962 582 996 τὸ,
596 960 699 997 Ἥμῶν.
713 959 823 994 Ἐπειδὴ

51 1011 102 1051 γὰρ
123 1006 196 1046 εἶπε,
212 1010 254 1039 Τὸ
267 1009 349 1047 ὄνομα
370 1011 416 1037 τοῦ
430 1007 528 1047 Κυρίου
547 1009 623 1044 ἡμῶν
643 1006 731 1040 Ἰησοῦ
760 1006 825 1044 Χρι-

51 1059 129 1092 στοῦ,
140 1056 182 1086 ἵνα
198 1055 234 1094 μὴ
251 1055 310 1094 δόξῃ
325 1055 446 1094 χωρίζειν
460 1053 534 1092 παρὰ
547 1057 600 1084 τοῖς
613 1051 745 1087 ἀνοήτοις,
760 1051 824 1080 ἐποί-

49 1114 90 1141 γει
111 1102 207 1138 πάλιν,
224 1101 321 1142 Κυρίου
339 1102 415 1139 ἡμῶν
431 1112 458 1128 τε
476 1099 521 1128 καὶ
539 1099 634 1127 αὐτῶν.
656 1097 708 1126 Καὶ
722 1097 764 1126 ἵνα
779 1108 825 1125 σα-
846 1113 856 1131 5

49 1147 173 1187 φέστερον
197 1147 212 1176 ὂ
235 1147 306 1186 λέγω
337 1147 461 1185 γένηται,
485 1144 672 1183 ἀναγνώσομαι
703 1142 772 1172 κατὰ
796 1143 825 1171 τὸ
843 1142 861 1164 Α

49 1194 137 1232 νόημα
157 1193 233 1222 οὕτω.
257 1194 364 1225 Παῦλος
388 1192 433 1222 καὶ
458 1190 599 1225 Σωσῡένης
623 1192 655 1228 τῇ
677 1189 825 1228 Ἐκκλησία

48 1242 94 1269 τοῦ
109 1241 179 1269 Θεοῦ
193 1252 225 1278 τῃ
238 1240 302 1279 οὔσῃ
321 1241 347 1269 ἐν
364 1239 496 1279 Κορίνθῳ,
512 1249 557 1266 και
577 1241 643 1265 πᾶσι
659 1239 713 1268 τοῖς
728 1237 824 1264 ἐπικα-

49 1285 182 1324 λουμένοις
197 1286 225 1315 τὸ
236 1286 320 1324 ὄνομα
332 1288 377 1314 τοῦ
392 1284 489 1325 Κυρίου
502 1285 578 1322 ἡμῶν
592 1294 620 1311 τε
636 1281 682 1310 καὶ
700 1282 787 1309 αὐτῶν
798 1281 824 1309 ἐν

50 1331 128 1360 παντὶ
141 1331 228 1371 τόπυ,
243 1332 291 1360 κᾶν
306 1331 452 1369 &Udo-71,
466 1330 514 1358 κᾶν
527 1329 592 1358 ὅπου
606 1328 705 1363 δήποτε
717 1327 748 1355 ἂν
760 1329 823 1355 ὠσί·

49 1377 159 1418 Χοίριςε
150 1382 211 1416 υμῖν
224 1377 268 1406 καὶ
289 1377 380 1416 εἰρήνη
401 1377 453 1405 ἀπο
470 1377 540 1405 Θεοῦ
561 1374 667 1414 Πατρος
681 1374 758 1412 ἡμων
779 1373 824 1400 καὶ

49 1423 146 1462 Κυρίου
162 1423 249 1459 Ἰησοῦ
264 1424 389 1462 Χριστοῦ.
405 1421 444 1451 *H
459 1421 526 1450 οὕτω
546 1420 643 1456 πάλιν,
658 1419 672 1448 ὃ
693 1419 737 1448 καὶ
754 1420 823 1456 μᾶλ-

48 1470 92 1498 λον
108 1472 223 1508 ἡγοῦμαι
239 1469 413 1509 ἀληθέστερον
428 1463 495 1497 εἶναι
507 1479 513 1485 ·
527 1468 632 1499 Παῦλος
653 1466 698 1494 καὶ
719 1464 824 1494 Σωσθέ-

49 1526 94 1549 νης
106 1520 159 1547 τοῖς
179 1515 206 1543 ἕν
220 1515 339 1554 Κορίνθῳ
353 1514 536 1554 ἡγιασμένοις,
552 1515 657 1547 κλητοῖς
671 1511 754 1550 ἆγίοις
776 1509 822 1539 σὺν

48 1565 115 1589 πᾶσι
129 1566 182 1594 τοῖς
196 1561 411 1600 ἐπικαλουμένοις
425 1561 455 1590 τὸ
472 1561 555 1598 ὄνομα
570 1561 614 1588 τοῦ
634 1558 731 1597 Κυρίου
747 1559 822 1595 ἡμῶν

48 1605 137 1641 Ἰησοῦ
158 1608 273 1646 Χριστοῦ
297 1609 322 1636 ἐν
343 1607 422 1636 παντὶ
437 1607 510 1646 τόπῳ
525 1606 609 1634 αὐτῶν
627 1616 656 1632 τε
677 1603 721 1631 καὶ
736 1605 822 1640 ἡμῶν,

48 1652 190 1688 'souti-sort,
204 1653 282 1691 χάρις
304 1655 366 1690 ὑμῖν
390 1653 434 1681 καὶ
458 1652 548 1690 εἰρήνη
567 1653 628 1687 ὑμῖν
650 1653 704 1681 τοῖς
721 1650 747 1676 ἐν
770 1649 822 1677 Ko-

50 1697 128 1737 ρίνθῳ
139 1698 318 1735 ἡγιασμένοις,
330 1698 374 1726 καὶ
388 1699 494 1732 κλητοῖς
504 1696 652 1735 γενομένοις
665 1706 670 1711 ·
684 1695 712 1722 οὐ
725 1693 821 1731 μόνοις,

50 1743 118 1772 ἀλλὰ
131 1743 199 1781 μετὰ
210 1743 316 1772 πάντων
329 1745 380 1771 τῶν
394 1744 420 1771 ἐν
433 1742 512 1770 παντὶ
526 1741 599 1780 τόπῳ
610 1738 821 1777 ἐπικαλουμένων

49 1789 78 1817 τὸ
91 1788 174 1826 ὄνομα
195 1791 240 1817 τοῦ
265 1788 363 1827 Κυρίου
379 1790 454 1826 ἡμῶν
470 1788 557 1823 Ἰησοῦ
574 1788 690 1826 Χριστοῦ
713 1785 758 1814 καὶ
776 1787 822 1813 αὖ-

47 1835 110 1863 τῶν.
125 1835 158 1863 Εἰ
172 1833 199 1862 δὲ
215 1835 267 1863 ἀπὸ
280 1834 389 1874 χάριτος
400 1837 416 1869 ἡ
433 1833 533 1873 εἰρήνη,
548 1833 574 1861 τί
590 1832 658 1871 μέγα
673 1835 784 1870 φρονεῖς,
797 1830 822 1858 τί

49 1879 117 1918 μέγα
133 1884 230 1919 φυσᾷς,
244 1880 335 1919 χάριτι
350 1879 455 1915 σωθείς
475 1881 496 1908 εἷ
512 1879 538 1908 δὲ
554 1879 658 1918 εἰρήνην
674 1878 743 1916 ἔχεις
758 1877 822 1916 πρὸς

47 1926 91 1955 τὸν
107 1926 175 1955 Θεὸν
186 1949 194 1962 ,
207 1926 234 1954 τί
247 1926 344 1965 ἑτέροις
356 1926 464 1955 σεαυτὸν
479 1925 670 1965 *προσνέμειςς
683 1928 759 1953 τοῦτο
771 1923 822 1963 γὰρ

48 1972 242 2005 διαστασιάζειν
255 1971 319 2001 ἐστί.
332 1972 367 2001 Τί
382 1971 446 2011 γὰρ,
460 1974 482 2001 εἷ
497 1971 562 2010 πρὸς
575 1970 649 1999 τόνδε
664 1969 821 2009 εἰρηνεύετε,

48 2018 92 2046 καὶ
106 2018 170 2058 πρὸς
190 2017 264 2046 τόνδε
285 2018 330 2046 καὶ
351 2018 430 2057 χάριν
451 2018 541 2057 ἔχετε;
559 2016 630 2056 Ἐγὼ
650 2016 677 2045 δὲ
700 2016 752 2044 ἀπὸ
775 2017 820 2044 τοῦ

47 2064 118 2092 Θεοῦ
140 2065 206 2092 αἰτῶ
222 2066 305 2092 ταῦτα
324 2066 385 2102 ὑμῖν
403 2064 540 2102 ἀμφότερα
554 2062 691 2102 γενέσθαι,
710 2062 755 2090 καὶ
772 2064 818 2091 ἀπ’

49 2110 127 2139 αὐτοῦ
141 2109 186 2138 καὶ
201 2110 266 2148 πρὸς
288 2109 374 2138 αὐτόν.
395 2110 466 2139 Οὔτε
479 2109 529 2149 γὰρ
554 2109 648 2148 βεὸαία
668 2108 773 2146 ἶ’με’νει,
789 2109 819 2137 ἂν

49 2154 85 2192 μὴ
100 2158 147 2190 τῆς
165 2155 262 2184 ἄνωθεν
280 2155 417 2194 ἇπολαυσῃ
440 2157 539 2195 ῥοπῆς
555 2155 629 2190 οὔτε,
646 2155 690 2183 εἀν
703 2154 740 2192 wi]
755 2154 819 2194 πρὸς

49 2201 125 2229 αὐτὸν
137 2204 165 2239 ᾖ,
178 2201 252 2229 ἔσται
263 2213 289 2229 τι
300 2201 402 2230 πλέον’
393 2205 464 2240 υμῖν.
479 2201 564 2231 Οὐδὲν
578 2201 629 2240 γὰρ
644 2201 734 2258 ὄρελος
744 2204 818 2238 ἡμῖν,
837 2199 855 2222 C

48 2244 96 2273 κᾶν
114 2246 178 2285 πρὸς
197 2246 296 2278 πάντας
310 2249 381 2284 ὦμεν
403 2247 545 2287 εἷρηνικοι,
559 2259 623 2287 προς
644 2247 671 2276 δὲ
686 2259 730 2275 τον
750 2247 817 2276 Θεον

47 2292 313 2330 εκπεπολειωαενοι·
335 2305 425 2332 ωσπερ
447 2295 492 2322 οὐδ
495 2307 520 2322 εν
544 2294 640 2332 βλαοος
661 2296 743 2331 ἡμῖν,
770 2306 817 2322 καν

46 2337 120 2376 παρὰ
133 2338 238 2367 πάντων
254 2338 432 2376 πολεμώμεῡα
442 2363 448 2375 ,
463 2342 499 2379 τῷ
511 2339 537 2369 δὲ
554 2342 616 2379 Θεῷ
628 2340 801 2379 εἷρηνειίωμεν
813 2351 817 2356 ’

48 2386 92 2416 καὶ
109 2388 188 2416 πάλιν
203 2388 276 2418 οὐδὲν
292 2389 396 2428 ὄφελος,
412 2390 459 2418 κᾶν
477 2390 549 2429 παρὰ
572 2395 652 2419 πᾶσιν
674 2391 820 2428 εὗδοκιμῶ-

49 2449 96 2475 μεν
106 2460 113 2473 ,
128 2440 165 2478 τῷ
177 2438 204 2468 δὲ
220 2439 309 2478 Κυρίῳ
324 2440 529 2479 προσκροόωμεν
542 2452 547 2457 ·
563 2440 654 2479 ὥσπερ
668 2440 750 2473 οὐδεὶς
762 2440 819 2468 κίν-

82 2533 91 2542 '
109 2531 117 2565 [
132 2531 198 2559 Edd‚
212 2538 354 2567 προσνέμοις.
368 2533 529 2560 correximus
541 2544 553 2559 c
566 2535 648 2560 Codd.
661 2535 738 2560 Paulo
750 2541 809 2560 ante

48 2575 75 2597 A.
92 2578 128 2598 ἐὰν
142 2576 228 2606 εἰρήνην
237 2574 310 2607 ἔχῃς.]

82 2620 92 2631 ²
110 2611 215 2637 Savilius
226 2611 356 2646 {egendum
365 2619 436 2645 putat
452 2618 522 2646 μὲιοι.
536 2614 612 2646 [nivet
623 2615 650 2641 Α.
659 2615 686 2639 Β.
695 2620 719 2639 et
729 2624 807 2647 marg.

757 210 772 231 A
780 210 798 231 D
825 210 886 232 COR
894 223 900 231 .

931 208 1047 231 nonu„
1078 209 1100 230 1.
1599 196 1620 230 5

873 269 955 307 Quod
965 270 988 298 si
1000 269 1074 298 locus
1085 275 1199 308 separat,
1208 275 1235 297 at
1250 269 1381 297 Dominus
1394 268 1454 298 illos
1468 269 1618 308 conjungit,

872 316 1022 345 communis
1037 326 1099 344 eum
1113 315 1145 344 sit
1156 327 1161 342 ε
1171 315 1231 344 idco
1246 316 1409 354 conjungens
1422 315 1483 344 illos
1501 316 1618 355 subjun—
1630 319 1672 332 '¹¹¹³

1674 281 1700 301 Γ
1701 280 1771 301 clusi]

1716 319 1737 339 ‘l'
1733 319 1772 331 ¹⁰*

1631 352 1665 363 nio
1668 343 1704 364 du.

872 362 922 398 xit,
944 362 984 390 Et
1011 364 1102 390 nostri
1121 368 1147 390 et
1168 363 1306 400 ipsorum.
1324 360 1374 389 Est
1396 368 1487 389 autem
1508 361 1560 390 hoc
1572 361 1619 390 illo

873 408 959 446 magis
978 407 1128 447 proprium.
1147 408 1224 437 Sicut
1247 407 1318 436 enim
1339 407 1369 443 ii,
1385 407 1432 445 qui
1447 418 1501 435 uno
1517 407 1544 436 in
1561 407 1620 436 loco

872 459 946 490 sunt,
968 463 1030 482 cum
1052 453 1183 493 plurimos
1197 454 1297 482 habent
1318 452 1441 481 dominos
1460 453 1618 489 contrarios,

873 500 955 529 divisi
970 507 1031 529 sunt
1044 507 1069 529 et
1082 500 1152 529 nihil
1175 501 1209 529 ad
1231 499 1403 528 concordiam
1417 510 1432 527 a
1446 499 1505 527 loco
1517 500 1621 538 juvan-

873 553 928 585 tur,
944 547 1060 576 dominis
1071 547 1118 577 dix
1120 547 1347 586 eisajubcntibus
1360 552 1385 574 et
1399 545 1434 574 ad
1449 556 1475 574 sc
1488 545 1621 574 trahenti-

873 593 940 622 hus:
949 594 1019 622 Non
1038 595 1158 632 potestis
1174 595 1263 628 enim,
1278 592 1376 631 inquit,
1393 593 1502 620 servire
1513 593 1577 620 Deo
1593 598 1619 620 et
1633 597 1716 619 Μηιιῖι.
1736 598 1757 619 «J.

873 685 920 715 div
922 697 993 715 ersos
1005 686 1139 715 habebant
1149 684 1285 721 dominos,
1301 684 1348 713 sed
1359 694 1443 713 unum
1454 690 1569 721 tantumy
1584 684 1622 712 ni-

873 732 914 760 hil
928 732 963 761 ad
983 732 1153 761 concordiam
1179 731 1339 761 servandam
1354 742 1370 759 a
1384 730 1450 759 locis
1473 730 1621 767 laeduntur,

875 791 928 809 uno
939 780 1048 809 domino
1070 781 1131 809 illos
1146 780 1297 819 copulante.
1313 780 1374 808 Non
1389 778 1452 807 dico
1469 778 1562 817 igitur,
1579 779 1625 806 in-

875 826 944 864 quit,
954 837 1012 864 VOS,
1025 826 1157 856 Corinthii
1172 836 1234 854 cum
1250 825 1319 862 sitis,
1330 836 1392 854 cum
1403 823 1552 854 Corinthiis
1565 831 1625 853 tan-

876 880 934 901 tum
951 871 1094 901 concordes
1106 883 1161 901 esse
1175 872 1280 908 debere,
1291 870 1338 899 scd
1355 881 1418 899 cum
1438 870 1564 899 omnibus
1579 870 1626 908 qui

877 918 904 945 in
919 918 982 946 orbe
1001 925 1078 954 sunt,
1094 929 1156 946 cum
1181 928 1352 946 communem
1376 915 1498 945 habeatis
1526 915 1628 944 Domi-

878 975 951 993 num.
962 964 1025 992 ldeo
1040 964 1156 992 secundo
1170 965 1279 1003 adjecit,
1291 965 1403 992 Nostri.
1417 964 1487 998 Quia
1500 963 1572 991 enim
1586 963 1627 991 di-

878 1010 917 1038 xit
928 1032 938 1047 ,
956 1010 1071 1038 Nomen
1096 1010 1218 1038 Domini
1241 1011 1333 1038 nostri
1356 1010 1426 1038 Jeszc
1456 1010 1583 1043 Clzrisli;
1597 1019 1628 1036 nc

878 1056 950 1097 apud
963 1057 1117 1096 insipientes
1128 1067 1252 1096 separare
1260 1055 1407 1090 videretur,
1421 1066 1515 1084 rursus
1526 1054 1629 1094 adjicit,

878 1105 1000 1132 Domini
1011 1105 1102 1132 nostri
1109 1109 1137 1131 et
1146 1103 1325 1142 ipsorum.Et
1337 1108 1367 1130 ut
1379 1101 1478 1130 clarius
1490 1100 1590 1130 evadat
1600 1101 1626 1129 id

877 1149 950 1188 quod
964 1148 1035 1186 dico,
1048 1149 1086 1177 sic
1096 1148 1184 1187 legam
1196 1155 1226 1176 ut
1241 1158 1334 1176 sensus
1347 1147 1477 1187 postulat:
1491 1146 1591 1175 Paulus
1605 1154 1630 1175 ct

878 1195 1156 1225 SosthcnesEcclesiae
1167 1194 1294 1232 Dci7quae
1311 1193 1526 1229 estCorinthi,ct
1546 1192 1630 1221 omui-

877 1241 929 1270 bus
940 1241 1129 1271 invocantibus
1140 1251 1235 1269 nomen
1247 1239 1358 1269 Domini
1369 1239 1452 1268 nostri
1466 1245 1491 1267 et
1506 1239 1630 1278 ipsorum

878 1286 905 1316 in
918 1287 991 1316 omni
1004 1287 1071 1323 loco,
1085 1287 1142 1316 sive
1158 1288 1258 1322 Romae,
1273 1285 1331 1315 sive
1341 1285 1505 1323 ubicumque
1517 1285 1630 1313 fuerint:

880 1335 987 1363 Gratia
1000 1335 1085 1362 vohis
1095 1340 1123 1362 et
1133 1344 1194 1372 pax
1206 1343 1224 1361 a
1237 1333 1302 1361 Deo
1313 1333 1405 1360 Patre
1418 1338 1516 1360 nostro
1528 1338 1555 1360 et
1566 1332 1628 1360 Do-

877 1383 956 1409 mino
966 1381 1038 1410 ,lesu
1050 1381 1178 1409 Christo.
1188 1379 1239 1409 Vel
1251 1379 1289 1408 sic
1301 1389 1419 1415 rursum,
1430 1385 1461 1407 ut
1472 1378 1553 1407 etiam
1565 1389 1629 1407 me—

874 1427 928 1455 lius
947 1437 1003 1456 esse
1026 1426 1150 1456 existimo
1167 1438 1172 1453 :
1194 1425 1295 1454 Paulus
1318 1431 1344 1453 ct
1369 1424 1512 1454 Sosthencs
1529 1424 1562 1452 iis
1582 1425 1629 1462 qui

876 1473 999 1502 Corinthi
1021 1479 1083 1502 sunt
1105 1472 1299 1509 sanctificatis,
1322 1471 1424 1501 vocatis
1446 1471 1544 1499 sanctis
1564 1481 1627 1498 cum

875 1517 1000 1546 omnibus
1011 1517 1058 1556 qui
1074 1517 1200 1545 invocant
1224 1526 1321 1544 nomen
1336 1515 1448 1544 Domini
1464 1514 1548 1543 nostri
1562 1516 1627 1544 Jesu

876 1561 978 1590 Christi
992 1562 1019 1590 in
1035 1561 1108 1589 omni
1131 1561 1189 1589 loco
1213 1560 1334 1600 ipsorum
1359 1567 1385 1588 ct
1406 1559 1501 1588 nostri.
1525 1557 1558 1587 Id
1577 1565 1627 1591 est,

876 1607 970 1635 Gratia
985 1606 1062 1636 vobis
1078 1614 1103 1635 et
1117 1617 1173 1646 pax
1186 1606 1332 1643 vobi5,qui
1348 1604 1472 1633 Corinthi
1488 1604 1549 1632 estis
1562 1614 1627 1632 san-

841 1655 858 1676 Β
875 1653 985 1681 ctificati
997 1660 1021 1681 ct
1036 1653 1141 1689 vocati;
1155 1662 1207 1680 non
1220 1651 1293 1686 solis,
1303 1651 1350 1679 scd
1363 1661 1425 1678 cum
1440 1649 1568 1678 omnibus
1578 1650 1626 1688 qui

876 1700 903 1728 in
920 1700 993 1728 omni
1008 1700 1066 1728 loco
1082 1700 1208 1729 invocant
1223 1709 1319 1727 nomen
1334 1697 1445 1726 Domini
1464 1697 1547 1726 nostri
1560 1699 1627 1727 Jesu

876 1745 978 1774 Christi
989 1752 1014 1774 et
1028 1745 1160 1784 ipsorum.
1175 1744 1205 1773 Si
1227 1751 1318 1772 autem
1334 1753 1369 1772 cx
1393 1743 1482 1781 gratia
1503 1753 1559 1781 pax
1573 1750 1624 1777 est,

875 1801 924 1820 cur
937 1801 1066 1830 magnum
1086 1791 1177 1830 sapis?
1192 1801 1239 1818 cur
1254 1796 1358 1818 tantum
1373 1789 1486 1825 inflaris,
1501 1799 1563 1817 cum
1579 1799 1627 1828 per

875 1837 987 1876 gratiam
1003 1843 1125 1866 servatus
1145 1836 1202 1865 sis?
1218 1836 1248 1865 Si
1264 1846 1326 1864 vcro
1349 1845 1442 1874 pacem
1457 1834 1540 1862 habes
1552 1833 1627 1873 apud

875 1885 972 1921 Deum,
988 1894 1036 1912 cur
1051 1890 1076 1911 te
1087 1883 1147 1911 aliis
1161 1882 1311 1911 adscribis?
1329 1881 1381 1910 hoc
1398 1880 1468 1910 enin]
1489 1887 1526 1909 est
1542 1879 1628 1908 dissi—

874 1929 943 1958 dere.
961 1929 1036 1964 Quid
1050 1929 1132 1964 enim,
1149 1928 1171 1957 si
1187 1939 1248 1957 cun]
1263 1928 1315 1956 hoc
1330 1934 1355 1956 ct
1370 1937 1432 1955 cum
1447 1926 1494 1954 illo
1512 1926 1627 1965 gratiani

875 1976 1002 2005 habetis?
1018 1975 1075 2015 Ego
1099 1982 1189 2003 autem
1212 1981 1284 2014 peto,
1308 1981 1337 2002 ut
1364 1984 1379 2002 a
1402 1974 1461 2002 Deo
1477 1973 1533 2001 haec
1549 1972 1628 2002 vobis

874 2029 988 2061 utraque
1003 2023 1079 2059 fiant,
1096 2028 1121 2050 et
1136 2021 1170 2049 ab
1185 2020 1233 2049 illo
1245 2027 1270 2049 et
1285 2019 1319 2049 ad
1334 2020 1424 2048 illum.
1442 2020 1536 2057 Neque
1553 2018 1624 2047 enim

874 2068 951 2097 firma
977 2068 1134 2105 manserint,
1162 2067 1213 2095 nisi
1239 2077 1354 2106 superna
1376 2065 1463 2104 gratia
1477 2066 1623 2093 fruantur:

874 2127 959 2154 neque
973 2116 995 2144 si
1011 2126 1063 2144 non
1075 2115 1129 2143 sint
1143 2114 1177 2143 ad
1192 2115 1290 2153 ipsum,
1303 2113 1381 2142 nobis
1393 2113 1544 2151 quidquam
1556 2122 1625 2151 pro-

873 2162 978 2199 derunt,
988 2162 1010 2190 si
1020 2172 1081 2190 cum
1097 2161 1222 2190 omnibus
1235 2171 1329 2200 pacem
1344 2159 1481 2196 habentes,
1494 2169 1555 2187 cum
1568 2159 1624 2186 Deo

873 2209 975 2238 bellum
990 2209 1153 2244 habeamus;
1172 2214 1202 2236 ut
1216 2207 1285 2236 nihil
1300 2206 1453 2236 nocumenti
1470 2206 1547 2234 nobis
1562 2206 1623 2238 erit,

873 2255 895 2283 si
911 2255 944 2283 ab
958 2254 1084 2283 omnibus
1109 2253 1310 2293 impugnemur,
1327 2259 1352 2282 ct
1373 2263 1435 2281 cum
1459 2253 1515 2280 Deo
1530 2260 1622 2290 pacem

873 2301 1034 2330 habeamus:
1045 2312 1075 2329 ac
1087 2311 1196 2329 rursum
1209 2300 1282 2328 nulla
1298 2299 1402 2328 utilitas
1414 2299 1435 2327 si
1453 2299 1486 2326 ab
1498 2296 1623 2325 omnibus

873 2348 1049 2384 celebremur,
1078 2355 1103 2376 et
1128 2347 1275 2376 Dominum
1290 2346 1474 2377 ossendam11s;
1494 2351 1523 2372 ut
1541 2343 1622 2372 ctiam

875 2394 979 2423 nullum
994 2394 1155 2434 periculum,
1169 2394 1190 2422 si
1201 2404 1293 2422 omncs
1303 2404 1350 2422 nos
1361 2397 1516 2420 aversentur
1525 2388 1551 2418 et
1561 2389 1622 2418 odio

875 2440 998 2477 habeant,
1020 2441 1146 2478 Deusquc
1164 2450 1211 2469 nos
1233 2439 1363 2478 approbet
1384 2444 1408 2465 ct
1432 2436 1542 2475 diligat:
1561 2446 1623 2465 vcra

858 2536 946 2565 sax-it,
962 2542 989 2560 ut
1003 2535 1041 2560 vel
1063 2537 1114 2560 siue
1126 2534 1208 2560 Codd.
1230 2532 1390 2558 scribendum
1410 2537 1473 2556 erat.
1484 2531 1623 2564 Εᾰι1.με’μῃ.

860 2577 917 2600 Mox
936 2584 967 2599 cx
984 2575 1070 2599 iisdem
1089 2581 1113 2599 et
1131 2582 1210 2603 marg.
1232 2571 1309 2598 savit.
1337 2577 1426 2605 quater
1443 2570 1561 2603 deinceps
1584 2575 1624 2596 κάν

860 2625 906 2648 pro
918 2615 984 2641 Edd.
1000 2621 1025 2641 νῖν
1039 2614 1174 2644 dedimus]
