1891 2866
240 188 305 209 220
566 189 594 210 S.

274 250 300 277 6.
330 249 373 276 Τιι
392 255 480 277 autem
502 248 567 278 dum
590 249 646 279 hzec
672 250 740 279 flunt
762 258 815 279 stas
838 250 927 279 ridens
942 257 967 278 et

234 294 382 330 admirans,
410 301 434 323 et
460 295 493 324 de
518 295 634 324 aliorum
663 296 741 325 malis
768 308 815 325 ceu
840 307 1014 344 [1011111311ιὶδεῖ

623 189 760 212 JOANMS
787 189 966 212 entire-051⁴.
997 189 1150 214 ARCHIEP.
1181 191 1446 215 CONSTANTINOP-

1062 252 1099 280 Σὺ
1115 253 1141 281 δὲ
1166 254 1262 282 τούτων
1276 254 1417 292 γινομένων
1433 253 1545 288 ἕστηκας
1564 255 1646 292 γελῶν
1659 254 1703 282 καὶ
1724 257 1783 283 θαυ-

1023 298 1112 335 μάζων
1130 299 1174 327 καὶ
1190 300 1366 338 ἐμπομπεύων
1378 303 1430 332 τοῖς
1443 299 1536 339 ἑτέρων
1550 303 1651 334 κακοῖς,
1666 302 1713 335 τῆς
1724 311 1783 328 κοι-

233 351 324 379 agcns,
342 341 407 370 dum
421 342 570 371 communis
588 349 680 371 natura
695 342 824 372 dedecore
838 343 964 372 afficitur.
987 354 1006 376 A
1021 346 1065 380 νῆς
1080 345 1180 384 φύσεως
1194 346 1401 386 ἀσχημονούσης.
1427 345 1479 375 Καὶ
1499 346 1525 374 τί
1550 345 1629 374 πλέον
1651 345 1682 374 ἂν
1703 345 1784 385 ἐργά-

233 386 268 415 Et
283 387 351 425 qnid
365 388 480 428 amplius
495 388 591 417 faceret
605 388 730 418 immanis
740 389 864 418 daemon?
881 389 966 418 Dein—

232 433 265 462 de
280 441 308 462 ut
331 435 461 474 promtius
482 435 539 464 11ωο
561 435 649 471 saciat,
661 435 804 475 largiorem
827 436 966 475 pecuniam

231 490 333 519 erogas.
347 481 381 510 Et
395 481 418 510 ei
428 482 535 520 quidem
544 482 590 520 qui
605 489 736 521 precatur,
753 483 836 511 Deum
849 483 964 518 invocat,

232 526 387 566 placideque
401 527 514 563 accedit,
529 538 561 556 ne
577 527 734 567 respondere
745 528 852 566 quidem
866 527 965 566 digua—

232 572 268 601 ris
280 583 365 611 neque
384 574 512 613 respicere
528 574 621 609 illum3
639 573 691 602 imo
710 574 789 602 ctiam
814 574 922 603 molesta
938 574 964 602 in

230 619 308 648 illum
321 620 402 649 verba
416 619 661 658 effundis‚quan[lo
681 620 832 658 frequenter
851 621 898 649 tibi
915 620 965 648 im-

229 675 360 706 portunus
374 674 412 696 est
424 680 430 695 z
444 668 581 696 Hunccine
597 673 701 706 oportet
712 667 823 695 vivere?
835 667 965 696 hunccine

230 714 368 753 respirare,
381 720 427 742 aut
447 714 518 741 hunc
534 713 618 741 solem
632 712 746 741 videre?
760 723 821 751 erga
841 713 900 741 illos
917 724 964 741 au·

230 765 282 787 tem
304 759 379 788 laetus
394 769 420 787 es
434 766 458 787 et
473 759 599 793 liberalis,
613 764 705 797 utpote
728 758 773 796 qui
788 758 824 787 sis
843 769 890 787 ceu
901 769 964 798 ago-

228 805 333 833 notheta
350 804 461 842 quidam
476 804 548 832 illius
565 803 686 832 ridiculae
701 810 726 831 et
740 804 861 832 satanicae
873 805 964 844 turpi—

226 851 335 880 tudinis.
358 850 540 886 Quamobrem
561 849 747 888 congruentius
768 850 810 885 iis,
841 850 886 889 qui
911 851 966 880 liaec

1020 402 1095 420 σαιτο
1106 391 1202 421 τούτων
1218 392 1318 431 δαίμων
1340 392 1443 432 ἅγριος;
1459 387 1525 421 Εἶτα
1536 391 1580 420 ἵνα
1593 391 1784 431 προθυμότερον

1020 436 1117 476 ποιήσῃ
1130 441 1227 473 ταῦτα,
1243 437 1427 478 δαψιλέστερον
1442 438 1518 471 δίδως
1533 437 1732 477 ἀργύριον.,1(αὶ
1746 439 1784 476 τῷ

1022 481 1068 518 μὲν
1080 483 1214 522 εὗχομένῳ
1229 484 1273 512 καὶ
1290 484 1333 512 τὸν
1347 484 1414 513 Θεὸν
1429 485 1552 512 καλοῦντι
1566 484 1610 512 καὶ
1631 485 1688 521 μετ’
1701 485 1784 512 ε’πιει-

1019 527 1091 561 κείας
1103 529 1237 567 προσιόντι
1251 529 1308 558 οὐδὲ
1323 529 1509 569 ἀποκρίνεσθαι
1525 529 1604 561 ἀξιοῖς
1621 528 1678 558 οὐδὲ
1689 528 1784 567 ἐμὸλέ-

1019 574 1081 612 ψαι,
1094 574 1161 603 ἀλλὰ
1175 574 1219 603 καὶ
1234 574 1268 603 τὰ
1285 575 1395 614 φορτικὰ
1408 576 1494 604 ἐκεῖνα
1508 575 1573 614 πρὸς
1596 575 1672 603 αὗτὸν
1683 574 1781 614 φθέγγῃ·Ι

1019 618 1142 657 ῥήματα,
1166 618 1226 648 ὅταν
1250 622 1364 659 συνεχῶς
1391 621 1535 660 ἐνοχλήσῃ·
1559 622 1668 649 ’”το’ὖτον
1693 621 1720 649 δὲ
1744 621 1783 649 δεῖ

1017 666 1080 703 ζῇνς
1101 667 1223 694 ἀναπνεῖν
1250 665 1276 694 δὲ
1300 665 1380 702 ὅλως,
1401 666 1418 700 ἢ
1441 666 1484 694 τὸν
1505 665 1579 701 ἥλιον
1599 669 1688 694 τοῦτον
1702 668 1783 705 ὁρᾷν;

1017 711 1080 750 πρὸς
1103 710 1129 740 δὲ
1153 711 1263 745 ἐκείνους
1289 711 1334 740 καὶ
1361 712 1468 751 φαιδρὸς
1487 712 1532 740 καὶ
1554 711 1689 751 φιλότιμος
1703 733 1711 748 ,
1736 712 1782 741 ἅτε

1018 756 1181 795 ἀγωνοθέτης
1209 769 1248 789 τις
1273 756 1310 785 ὧν
1338 759 1384 791 τῆς
1415 757 1612 793 καταγελάστου
1636 757 1680 785 καὶ
1703 768 1782 786 σατα-

1017 805 1090 838 νικῆς
1114 802 1301 842 ἀσχημοσύνης
1325 803 1433 838 ἐκείνης.
1463 803 1511 832 Διὸ
1542 802 1587 832 καὶ
1609 801 1782 843 εὐλογώτερον

1016 848 1080 889 πρὸς
1104 849 1162 882 τοὺς
1191 849 1308 882 τιθέντας
1331 849 1390 882 τοὺς
1412 851 1515 888 ἀγῶνας
1535 849 1656 886 τούτους,
1682 849 1780 888 καὶμὴ

224 903 376 936 proponunt
384 896 573 932 certamina‚et
587 895 654 924 nihil
669 896 794 924 omittunt
808 896 964 926 donecalios
983 902 1000 924 B
1016 895 1185 934 προϊεμένους
1208 895 1289 933 μηδὲν
1305 895 1352 928 ἕως
1375 895 1405 923 ἂν
1427 895 1500 924 ἴδωσι
1520 895 1707 933 κολαζομένους
1729 895 1782 924 ἑτέ-

224 945 342 974 viderint
367 944 436 973 male
461 943 550 980 affici,
588 943 651 971 talia
680 944 762 972 verba
786 944 939 973 dicerentur
956 958 961 973 :

225 991 342 1019 lloscine
361 991 461 1026 vivere,
482 989 589 1018 omnino
615 989 764 1028 respirare?
786 989 858 1019 hunc
879 990 961 1020 solem

228 1037 327 1074 videre,
342 1037 388 1075 qui
407 1037 434 1065 in
454 1046 622 1065 communem
645 1035 805 1075 delinquunt
829 1043 960 1073 naturam,

227 1089 251 1112 et
266 1084 354 1111 Deum
371 1082 530 1111 contumelia
541 1081 681 1110 afficiunt?
694 1081 729 1111 Et
742 1093 803 1110 cum
824 1083 896 1112 Deus
919 1085 962 1113 di-

222 1136 278 1158 eat:
292 1131 330 1158 Da
344 1129 549 1168 eleemosynam,
558 1135 583 1157 et
594 1127 628 1156 do
639 1128 688 1156 tibi
699 1138 809 1167 regnum
821 1129 958 1166 coelorum;

221 1188 274 1206 11011
288 1176 387 1205 audisti
401 1188 406 1203 ε
420 1175 526 1204 diabolo
543 1181 631 1203 autem
643 1175 795 1204 ostendente
808 1183 887 1215 caput
900 1177 958 1206 cla-

221 1225 262 1254 vis
276 1225 424 1260 confixum,
440 1223 529 1252 statim
544 1223 663 1251 liberalis
679 1223 787 1252 effectus
799 1234 825 1252 es
842 1236 848 1251 τ
865 1226 959 1264 magis-

222 1282 274 1310 que
288 1278 314 1300 te
326 1271 430 1300 inflexit
442 1270 551 1309 maligni
566 1269 694 1298 daemonis
711 1270 843 1307 machina,
855 1278 958 1301 tantum

219 1318 333 1347 inserens
345 1318 484 1354 damnum,
496 1327 576 1355 quam
591 1316 642 1344 Dei
659 1316 802 1356 promissio
816 1317 902 1347 millia
913 1319 955 1347 af—

218 1366 303 1395 ferens
322 1366 400 1395 bona.
414 1366 481 1394 Cum
497 1364 667 1404 oportuisset,
683 1363 785 1392 etiamsi
796 1375 893 1393 aurum
907 1375 955 1394 nu-

218 1423 320 1442 merare
340 1417 480 1451 oporteret,
505 1416 534 1438 ut
555 1409 610 1439 haec
634 1419 686 1438 non
708 1409 800 1438 fierent
817 1420 865 1438 nec
887 1411 956 1439 sacta

217 1466 409 1500 spectarentur,
423 1457 493 1486 nihil
507 1467 558 1485 11011
578 1467 611 1495 ag

217 1506 354 1536 tolleretur
371 1504 474 1534 insania
485 1516 493 1541 3
511 1514 559 1532 vos
573 1509 671 1538 autem,
686 1509 716 1530 ut
735 1509 759 1531 et
775 1503 840 1531 fiant
853 1510 877 1531 et
887 1504 955 1533 facta

215 1553 368 1589 videantur,
383 1550 452 1579 nibil
466 1560 518 1578 non
540 1549 620 1588 agitis
640 1555 664 1577 et
679 1549 834 1588 operamini.
848 1549 955 1579 Adhuc-

215 1612 248 1630 ne
270 1601 417 1639 interrogas
427 1623 434 1636 ,
447 1598 490 1627 dic
505 1598 584 1633 mihi,
602 1608 650 1625 cur
669 1597 702 1625 sit
716 1597 853 1636 gehenna?
867 1600 901 1627 At
922 1610 954 1627 ne

219 1649 269 1677 hoc
283 1648 355 1676 ultra
370 1646 524 1684 interroges,
542 1643 592 1672 sed
609 1654 657 1672 cur
673 1654 722 1671 una
738 1650 841 1672 tantum
863 1645 896 1673 sit
909 1655 955 1684 ge-

216 1697 313 1725 henna.
328 1696 400 1731 Quot
414 1694 484 1722 enim
503 1703 556 1722 non
577 1699 638 1720 sunt
658 1691 798 1732 suppliciis
822 1692 898 1731 digni
915 1693 953 1729 hi,

215 1742 263 1781 qui
278 1749 334 1770 tam
351 1740 459 1769 crudele
473 1745 497 1768 et
516 1738 694 1767 inhumanum
718 1737 878 1766 constituant
891 1749 954 1778 spe-

216 1788 359 1823 ctaculum,
380 1786 520 1823 ridentque
539 1784 573 1812 de
590 1783 632 1819 iis,
654 1783 687 1812 de
701 1783 799 1822 quibus
819 1784 909 1822 lugere
929 1791 953 1813 et

214 1836 276 1865 illos
297 1842 322 1864 et
341 1844 389 1863 vos
414 1838 562 1872 oporteret,
576 1830 713 1869 magisque
729 1840 774 1858 vos
789 1830 835 1868 qui
850 1830 885 1859 ad
899 1838 953 1859 tam

215 1881 340 1910 indecore
360 1879 494 1918 agendum
514 1877 628 1915 cogitis?
641 1876 704 1910 Sed,
719 1875 832 1914 inquies,
845 1886 896 1904 non
907 1886 952 1905 co-

216 1938 258 1966 go.
274 1925 425 1962 Quomodo,
440 1934 529 1963 quzeso
540 1930 576 1960 te,
587 1932 639 1950 non
652 1921 733 1960 cogis,
743 1921 788 1959 qui
804 1921 949 1950 modestio-

214 1975 291 2004 ribus
301 1981 325 2004 et
337 1973 463 2003 flentibus
474 1982 504 2000 ac
514 1973 601 2000 Deum
614 1969 799 1998 invocantibus
815 1979 847 1998 ne
859 1980 949 1998 aurem

215 2021 324 2060 quidem
336 2020 454 2059 praebere
465 2018 546 2054 vclis3
558 2016 600 2045 his
615 2026 678 2044 vero
690 2015 799 2054 largiter
810 2016 949 2055 pecuniam

214 2077 315 2105 erogas,
330 2073 354 2094 et
368 2065 466 2094 multos
480 2063 593 2092 advocas
605 2062 786 2091 admirantes?
796 2061 830 2090 Et
845 2061 950 2090 receda-

214 2126 284 2149 mus,
298 2114 410 2152 inquies,
425 2122 515 2140 eorum
539 2111 699 2139 miserentes.
716 2109 752 2138 Et
768 2117 830 2138 tune
841 2109 891 2138 hoc
899 2111 948 2149 ju—

214 2162 347 2191 bes?Non
357 2160 457 2189 esthon
468 2158 595 2193 misereri,
611 2169 626 2186 0
638 2158 729 2194 homo,
744 2164 830 2186 tantas
845 2158 950 2197 exigere

215 2216 306 2246 poenas
327 2216 375 2245 pro
390 2204 495 2233 duobus
521 2202 614 2238 obolis,
629 2201 772 2240 przecipere
787 2208 816 2230 ut
837 2213 885 2241 pro
908 2213 950 2231 ne-

218 2253 330 2282 cessario
356 2252 416 2281 cibo
435 2262 490 2280 sese
504 2250 628 2284 lacerent,
641 2256 666 2277 et
680 2249 775 2288 capitis
788 2256 874 2277 cutem
896 2257 950 2279 tam

215 2306 309 2335 acerbe
324 2312 348 2334 et
359 2302 547 2333 miserabiliter
561 2301 588 2329 in
603 2301 700 2329 multas
709 2306 794 2339 partes
808 2299 948 2330 dissecent.

216 2355 289 2384 Bona
310 2350 531 2390 verba,inquies;
547 2360 630 2388 neque
646 2348 716 2378 enim
730 2359 778 2377 nos
794 2349 882 2388 capita
899 2349 951 2378 cla-

1017 952 1088 980 ρους,
1113 945 1197 970 ταῦτα
1225 941 1255 969 ἂν
1275 941 1380 980 λεχθείη
1403 941 1436 970 τὰ
1460 941 1580 980 ῥήματα’
1596 942 1643 979 ζῇν
1668 940 1694 970 δὲ
1719 941 1778 970 τού-

1014 999 1085 1021 τους,
1096 989 1219 1016 ἀναπνεῖν
1230 987 1256 1016 δὲ
1270 987 1352 1022 ὅλως;
1363 987 1406 1016 τὸν
1421 987 1448 1016 δὲ
1461 987 1534 1022 ἥλιον
1547 990 1637 1016 τοῦτον
1649 989 1711 1027 ὃρᾷν
1722 987 1781 1021 τοὺς

1013 1034 1048 1066 εἷς
1074 1032 1122 1068 τὴν
1143 1033 1230 1068 κοινὴν
1253 1035 1467 1071 παρανομοῦντας
1492 1033 1577 1072 φύσιν,
1591 1032 1649 1065 τοὺς
1674 1034 1710 1066 εἷς
1735 1033 1780 1062 τὸν

1011 1078 1079 1108 Θεὸν
1106 1079 1272 1119 &pithia-0153
1294 1079 1346 1109 Καὶ
1369 1081 1413 1107 τοῦ
1439 1078 1485 1116 μὲν
1499 1079 1567 1107 Θεοῦ
1588 1078 1722 1117 λέγοντος,
1737 1079 1779 1111 δὸς

1012 1126 1188 1163 ἐλεημοσύνην
1198 1148 1206 1161 ,
1220 1126 1265 1154 καὶ
1280 1125 1374 1163 δίδωμί
1391 1136 1431 1153 σοι
1448 1124 1582 1162 βασιλείαν
1597 1125 1721 1164 οὖρανῶν,
1732 1126 1778 1154 οὔκ

1011 1171 1136 1206 ἤκουσας·
1151 1174 1196 1200 τοῦ
1209 1171 1330 1200 διαῧόλου
1345 1170 1373 1199 δὲ
1384 1170 1498 1210 κεφαλὴν
1513 1170 1703 1208 καθηλωμένην
1718 1171 1774 1200 δει-

1011 1216 1128 1252 κνύντος,
1141 1216 1260 1256 ἐξαίφνης
1269 1217 1406 1256 φιλότιμος
1413 1216 1533 1255 γέγονας·
1548 1216 1592 1245 καὶ
1601 1217 1700 1259 μᾶλλον
1715 1216 1777 1245 ἔπε’-

1010 1265 1112 1303 καμψεν
1142 1266 1159 1298 ἡ
1182 1266 1227 1292 τοῦ
1248 1266 1360 1302 πονηροῦ
1380 1262 1500 1300 δαίμονος
1523 1262 1630 1302 μηχανὴ
1649 1262 1777 1298 τοσαύτην

1009 1310 1106 1348 ἔχουσα
1119 1309 1255 1348 βλάὸην,ἢ
1271 1312 1287 1344 ἧ
1302 1313 1346 1338 τοῦ
1361 1310 1430 1338 Θεοῦ
1447 1308 1587 1348 ὑπόσχεσις
1605 1308 1684 1348 μυρία
1700 1309 1775 1347 κομί-

1010 1357 1088 1388 ζουσα
1107 1355 1139 1384 τὰ
1159 1356 1263 1394 ἀγαθά·
1287 1356 1352 1391 δέον,
1374 1356 1396 1384 εἰ
1426 1355 1470 1383 καὶ
1489 1355 1594 1394 χρυσίον
1618 1355 1776 1384 καταὸαλεῖν

1007 1404 1088 1441 ἐχρῆν
1106 1402 1170 1441 ὑπὲρ
1193 1404 1237 1430 τοῦ
1259 1404 1342 1430 ταῦτα
1361 1401 1398 1439 μὴ
1413 1401 1542 1440 γίνεσθαι,
1559 1402 1625 1439 μηδὲ
1650 1401 1775 1440 γινόμενα

613 1467 654 1484 ere
665 1463 690 1484 et
704 1456 769 1495 pati,
783 1463 812 1485 ut
826 1463 898 1486 tama
910 1458 956 1486 illa
973 1459 991 1481 (3
1006 1450 1080 1488 ὁρᾷν,
1089 1448 1176 1477 πάντα
1197 1452 1279 1476 ποιεῖν
1299 1448 1343 1476 καὶ
1356 1447 1507 1485 ὑπομένειν,
1521 1447 1589 1476 ὥστε
1610 1448 1710 1475 ἀνελεῖν
1725 1446 1773 1482 τὴν

1006 1494 1106 1529 πολλὴν
1122 1494 1219 1529 ταύτην
1236 1493 1345 1531 μανίαν·
1365 1494 1438 1530 ὓμεῖς
1459 1492 1486 1521 δὲ
1499 1492 1564 1531 ὑπὲρ
1577 1495 1621 1521 τοῦ
1642 1493 1686 1521 καὶ
1703 1492 1774 1531 γίνε-

1007 1542 1067 1568 σθαι
1082 1540 1127 1568 καὶ
1138 1540 1261 1578 γινόμενα
1275 1542 1347 1577 ὁρᾷν,
1361 1538 1447 1567 πάντα
1468 1543 1566 1567 ποιεῖτε
1586 1538 1631 1566 καὶ
1645 1549 1775 1577 πραγμοιβ

1006 1586 1119 1614 τεύεσθε.
1132 1585 1193 1614 Ἔτι
1211 1580 1254 1613 οἶν
1270 1586 1382 1624 ἐρωτᾷς,
1398 1584 1455 1613 εἰπέ
1477 1596 1535 1621 μοι,
1552 1583 1594 1612 διὰ
1614 1583 1641 1611 τί
1664 1582 1773 1622 γέεννας

1006 1630 1084 1660 Ἀλλὰ
1096 1630 1192 1669 μηκέτι
1206 1632 1282 1658 τοῦτο
1298 1629 1398 1668 ἐρώτα,
1415 1629 1481 1658 ἀλλὰ
1493 1631 1549 1661 πῶς
1563 1629 1611 1667 μία
1622 1628 1712 1665 γέεννα
1725 1629 1775 1667 μό-

1006 1689 1047 1712 νη.
1071 1677 1165 1706 Πόσων
1183 1676 1234 1715 γὰρ
1245 1677 1292 1704 οὐκ
1306 1675 1372 1709 ἄξιοι
1388 1675 1520 1704 κολάσεων
1533 1670 1603 1704 οὗτοι
1617 1676 1640 1703 οἱ
1655 1674 1685 1704 τὸ
1698 1674 1771 1712 ὠμὸν

1005 1725 1080 1752 τοῦτο
1091 1723 1136 1751 καὶ
1151 1722 1249 1757 ἀπηνὲς
1260 1725 1460 1760 συγκροτοῦντες
1474 1721 1591 1761 Οέατρον,
1605 1720 1651 1749 καὶ
1673 1721 1773 1759 γελῶν-

1005 1780 1046 1800 τες
1060 1770 1099 1808 ἐῑ>’
1115 1764 1152 1801 οἷς
1165 1768 1284 1806 δακρύειν
1298 1767 1350 1796 ἔδει
1371 1766 1507 1799 κάκείνους
1524 1767 1570 1795 καὶ
1583 1769 1651 1805 ὑμᾶς
1666 1764 1758 1799 αὐτούς
1767 1777 1773 1782 ·

1007 1816 1104 1852 μᾶλλον
1120 1814 1146 1843 δὲ
1160 1816 1228 1851 ὑμᾶς
1241 1813 1299 1846 τοὺς
1313 1814 1347 1842 τὰ
1359 1816 1468 1842 τοιαῦτα
1485 1813 1677 1850 ἀναγκάζοντας
1689 1813 1773 1850 ἀσχη-

1006 1864 1108 1898 μονεῖν;
1128 1859 1195 1888 Ἀλλ’
1209 1861 1256 1888 οὐκ
1270 1859 1423 1897 ἀναγκάζω,
1437 1858 1510 1897 φησί.
1526 1859 1588 1890 Πῶς
1601 1858 1647 1886 οὔκ
1658 1857 1773 1895 ἀναγκά-

1005 1907 1069 1941 ζεις,
1082 1904 1139 1933 εἶπέ
1154 1917 1214 1943 μοι,
1228 1909 1281 1937 τοῖς
1297 1905 1344 1941 μὲν
1356 1903 1555 1941 ἐπιεικεστέροις
1572 1902 1617 1931 καὶ
1632 1902 1771 1942 δακρύουσι

1004 1951 1048 1979 καὶ
1067 1951 1110 1980 τὸν
1124 1950 1192 1979 Θεὸν
1215 1951 1413 1989 παρακαλοῦσιν
1433 1948 1490 1979 οὐδὲ
1514 1947 1652 1987 προσέχειν
1677 1948 1771 1987 ἀνεχό-

967 2003 986 2026 Ι)
1005 2009 1079 2035 μενος
1089 2009 1095 2014 ·
1113 1997 1212 2028 τούτοις
1226 1996 1306 2024 δὲκαὶ
1318 1997 1439 2034 ἀργύριον
1453 1994 1577 2033 παρέχων
1592 1993 1713 2033 δαψιλὲς,
1725 1994 1771 2022 καὶ

1001 2042 1113 2075 πολλοὺς
1127 2044 1266 2081 περιιστῶν
1290 2041 1347 2074 τοὺς
1370 2041 1559 2079 οαυμάζοντας;
1579 2041 1633 2069 Καὶ
1646 2041 1766 2069 ἀποστῶ·

1003 2101 1059 2127 μεν,
1069 2088 1156 2127 φησὶν,
1171 2090 1299 2120 ἐλεοῦντες
1323 2087 1424 2120 αὐτούς,
1443 2087 1494 2116 Καὶ
1511 2086 1542 2115 σὺ
1554 2089 1629 2115 τοῦτο
1641 2085 1765 2122 κελεύεις

1003 2137 1061 2164 Οὔκ
1072 2135 1127 2163 ἔστι
1140 2137 1216 2163 τοῦτο
1231 2135 1321 2169 ἐλεεῖν,
1344 2133 1463 2171 ἄνῠρωπε
1472 2154 1480 2167 ,
1498 2133 1529 2161 τὸ
1547 2132 1675 2167 τοσαύτην
1687 2135 1767 2161 ἄπαι-

1002 2186 1056 2210 τεῖν
1079 2181 1152 2216 δίκην
1176 2180 1240 2219 ὑπὲρ
1264 2180 1359 2219 ὀλίγων
1383 2180 1495 2216 egomt,
1517 2178 1548 2208 τὸ
1569 2179 1683 2208 κελεύειν
1703 2178 1768 2218 ὑπὲρ

1003 2227 1147 2266 ἀναγκαίας
1161 2227 1373 2256 κατακόπτεσθαι
1384 2229 1494 2265 τροφῆς,
1506 2225 1552 2254 καὶ
1570 2226 1605 2257 εἷς
1616 2224 1702 2254 πολλὰ
1712 2225 1768 2253 δια-

1003 2273 1105 2312 τέμνειν
1116 2276 1163 2309 τῆς
1175 2275 1290 2313 κεφαλῆς
1300 2272 1347 2308 τὴν
1359 2273 1435 2313 δορὰν
1448 2272 1516 2300 οὕτω
1529 2273 1629 2310 πικρῶς
1635 2271 1681 2299 καὶ
1692 2271 1770 2299 ἐλεει-

1003 2322 1061 2353 νῶς.
1086 2320 1206 2359 Εὐφήμει
1215 2343 1222 2355 ,
1236 2319 1313 2359 φησίν
1324 2331 1329 2336 ·
1345 2320 1372 2347 οὐ
1385 2318 1436 2357 γὰρ
1446 2321 1523 2356 ἡμεῖς
1537 2319 1616 2354 ἐσμεν
1631 2318 1654 2345 οἱ
1667 2317 1714 2349 τὰς
1728 2328 1772 2344 κε-

1008 2366 1092 2405 φαλὰς
1106 2367 1276 2401 καθηλοῧντες
1291 2365 1398 2396 ἐκείνας.
1413 2365 1475 2392 Εἴθε
1488 2363 1518 2392 σύ
1527 2375 1533 2380 ·
1545 2362 1589 2391 καὶ
1602 2364 1648 2391 οὐκ
1661 2358 1693 2397 ἦν
1703 2362 1771 2391 οὕτω

215 2408 258 2437 vis
271 2406 442 2445 configimus.
456 2403 568 2433 Utinam
580 2409 609 2430 tu
625 2402 731 2438 faceres,
743 2407 770 2429 et
783 2412 824 2429 res
837 2412 888 2430 non
898 2408 951 2430 tam
969 2419 986 2441 Ε
1007 2413 1088 2441 δεινὸν
1099 2412 1130 2441 τὸ
1140 2411 1231 2440 δεινόν,
1243 2410 1277 2439 Ὁ
1291 2410 1340 2449 γὰρ
1356 2410 1477 2448 wiza„
1489 2408 1548 2437 τινὰ
1563 2411 1607 2436 τοῦ
1625 2408 1772 2440 κελεύοντος

215 2459 306 2499 gravis
316 2465 390 2487 esset.
405 2457 475 2486 Nam
488 2455 534 2494 qui
545 2453 696 2493 quempiam
711 2453 847 2491 interficit,
862 2453 946 2482 multo

217 2510 324 2550 gravius
335 2508 408 2545 facit,
424 2517 504 2546 quam
514 2505 536 2534 is
545 2505 591 2543 qui
603 2504 718 2544 seipsum
727 2503 804 2543 jubet
818 2503 949 2532 interfice-

249 2613 258 2623 ³
276 2605 317 2635 [Α-
333 2608 409 2628 τιίτεν
422 2603 443 2626 -ἶὲ

1007 2458 1097 2486 ἑαυτὸν
1111 2457 1234 2497 σφάττειν
1245 2457 1334 2494 πολλῷ
1349 2454 1534 2494 χαλεπώτερον
1550 2459 1636 2483 ποιεῖ·
1653 2455 1667 2484 ὃ
1681 2454 1712 2490 δὴ
1726 2455 1771 2483 καὶ

1003 2505 1046 2533 ἐπὶ
1055 2503 1152 2532 τούτων
1164 2502 1308 2540 συμδαίνει.
1325 2501 1375 2530 Καὶ
1387 2502 1438 2539 γὰρ
1452 2500 1607 2540 δριμυτέρας
1616 2500 1773 2539 ὓπομένουσι

462 2606 513 2633 35²3
525 2600 550 2623 Β.
563 2603 639 2625 nixos
656 2600 686 2624 τῖ’-,1
703 2604 754 2632 ςῇ-ις
768 2606 826 2623 mox
840 2605 895 2630 post
908 2602 961 2631 ἁμᾷ,
974 2597 1013 2623 ille
1025 2597 1118 2623 addens
1133 2601 1203 2628 σε’)ω,
1218 2597 1255 2621 hic
1271 2594 1354 2628 θέμις]
