1891 2866
560 166 593 188 ix
621 166 725 189 EPXST.
755 165 777 187 1.

108 230 171 270 σύνῃ
184 233 315 269 στεφανοῖ.
330 230 363 258 Εἰ
381 229 432 268 γὰρ
447 229 470 258 οἳ
491 233 544 262 τοῖς
562 228 743 268 ἡμαρτηκόσιν
758 227 876 267 ἀφιέντες

107 276 278 316 τυγχάνουσιν
293 275 421 315 ἀφέσεως,
431 277 454 304 οἱ
470 275 506 314 μὴ
522 275 598 314 μόνον
613 273 820 315 ἀφιέντες,ἀλλὰ
831 273 876 302 καὶ

109 322 366 362 ἐπιδαψιλευόμενοι,
381 321 448 354 τίνος
467 324 496 350 οὐ
514 321 644 355 τεύξονται
659 319 807 359 Πεύλογίοις,
830 318 876 353 Μὴ

109 368 194 397 τοίνυν
210 369 323 406 ἀγεννῶς
337 367 458 407 ἐνέγκῃς,
471 367 537 396 ἀλλὰ
552 367 596 396 καὶ
608 363 678 400 εὖξαι
689 365 752 405 ὑπὲρ
763 368 807 394 τοῦ
823 366 878 399 ἠδι-

112 414 237 451 κηκότος·
252 414 319 455 ὑπὲρ
336 414 386 454 γὰρ
403 418 498 444 σαυτοῦ
512 417 588 443 τοῦτο
603 418 693 446 ποιεῖς.
715 411 815 442 'maffia'
833 423 878 440 σου

116 461 255 500 χρήματας
267 460 334 489 ἀλλὰ
351 460 396 489 καὶ
413 460 556 500 ἁμαρτίας·
568 460 632 499 ὅπερ
648 459 693 488 καὶ
705 459 748 488 ἐπὶ
759 461 803 487 τοῦ
816 458 880 487 Νεε-

118 506 169 545 μὰν
179 507 224 536 καὶ
235 509 279 535 τοῦ
291 508 369 542 Γιεζῆ
381 506 479 545 γέγονε.
490 507 574 536 Πόσον
587 508 633 535 οὐκ
646 506 675 534 ἂν
686 505 815 541 ἠθέλησας
826 505 881 533 ’δοῦ-

116 565 158 582 ναι
168 555 278 582 πλοῦτον
288 552 355 582 ὥστε
366 552 494 592 &queo-Eva(
504 565 544 581 σοι
555 552 587 582 τὰ
595 552 788 592 &gap-:Agamem
797 552 882 580 Τοῦτο

115 599 199 628 τοίνυν
214 599 313 639 γίνεται
326 602 369 628 νῧν
383 611 389 616 ·
407 599 437 627 ἂν
451 598 501 638 γὰρ
522 599 630 638 ἐνέγκῃς
643 598 766 638 γενναίως
783 598 827 626 καὶ
844 597 880 636 μὴ

115 646 254 685 καταρᾶσῃ
263 668 270 679 ,
281 645 402 685 λαμπρὸν
416 645 534 680 ἀνεδήσω
548 645 592 673 τὸν
606 646 740 684 στέφανον.
752 645 809 673 Οὔκ
820 644 881 681 ἐμὸς

114 693 129 720 ὁ
147 691 234 730 λόγος,
250 691 317 720 ἀλλὰ
338 695 383 720 τοῦ
408 692 523 731 Χριστοῦ
542 691 660 730 λέγοντος
683 691 811 725 ἤκουσας·
825 689 882 719 Εὔ-
896 693 914 716 D

114 740 192 777 χεσΟε
207 737 273 776 ὑπὲρ
288 740 339 766 τῶν
354 738 549 776 ἐπηρεαζόντων
562 740 638 775 ὑμᾶς.
653 737 704 765 Καὶ
719 737 748 765 τὸ
769 736 879 765 ἔπαθλον

115 783 236 820 ἐννόησον
251 784 356 819 ἡλίκον·
371 784 465 817 ‘'On-om
479 785 587 823 γένησθε
604 783 689 821 ὅμοιοι
710 785 755 810 τοῦ
776 783 882 820 Πατρὸς

114 833 187 869 ὑμῶν
206 834 250 860 τοῦ
263 833 288 860 ἐν
300 836 353 863 τοῖς
364 829 581 870 οὖρανοῐς.“Ωστε
594 829 665 858 οὐδὲν
687 829 864 868 ἀπεστέρησαι
873 850 880 863 ,

115 878 183 907 ἀλλὰ
197 878 241 906 καὶ
256 878 429 917 προσέλαῧες·
440 879 488 905 οὐκ
508 876 646 911 ἠδίκησαι,
662 875 729 904 ἀλλὰ
743 875 788 904 καὶ
809 876 882 903 ἐστε-

113 924 234 964 φανώθης
242 947 249 960 ,
263 923 468 963 φιλοσοφώτερος
482 922 618 962 γενόμενος
628 921 674 957 τὴν
685 921 782 960 ψυχὴν,
794 922 882 959 ὅμοιος

113 972 150 1009 τῷ
170 971 233 1009 Θεῷ
256 969 404 1004 καταστὰς,
429 971 475 1003 τῆς
503 967 636 1007 φροντίδος
659 969 710 995 τῶν
735 967 880 1006 χρημάτων

113 1015 289 1054 ἀπαλλαγεὶς,
302 1015 350 1050 τὴν
367 1014 501 1053 βασιλείαν
513 1017 564 1043 τῶν
581 1015 696 1053 οὐρανῶν
708 1013 880 1051 κτησάμενος.

113 1063 206 1091 Ταῧτα
219 1057 265 1090 οὖν
289 1061 394 1090 ἅπαντα
416 1060 635 1099 ἀναλογισάμενοι
658 1060 840 1099 φιλοσοφῶμεν
854 1060 880 1087 ἓν

112 1113 169 1141 ταῖς
183 1107 310 1144 ἀδικίαις,
325 1107 474 1146 ἀγαπητοὶ,
489 1106 533 1135 ἵνα
555 1105 600 1135 καὶ
620 1108 667 1141 τῆς
686 1107 731 1133 τοῦ
753 1105 880 1144 παρόντος

113 1157 170 1194 βίου
189 1157 307 1194 ταραχῆς
323 1155 518 1192 ἀπαλλαγῶμεν
539 1152 583 1181 καὶ
597 1152 645 1188 τὴν
660 1151 784 1187 ἀνόνητον
801 1151 882 1180 ἐκεά-

112 1202 199 1240 λωμεν
220 1201 343 1239 ἀθυμίαν,
358 1200 403 1229 καὶ
422 1201 469 1234 τῆς
486 1198 630 1238 μελλούσης
643 1203 728 1238 χαρᾶς
749 1197 879 1237 ἐπιτύχω·
896 1210 914 1233 E

113 1260 170 1283 μεν,
183 1247 274 1287 χάριτι
286 1247 331 1276 καὶ
345 1245 527 1286 φιλανθρωπίᾳ
540 1249 585 1275 τοῦ
594 1245 689 1285 Κυρίου
704 1247 780 1283 ἡμῶν
792 1245 881 1280 Ἰησοῦ

114 1295 244 1333 Χριστοῦ,
262 1295 318 1332 μεθ’
333 1289 362 1322 οῧ
377 1295 414 1332 τῷ
429 1292 516 1333 Πατρὶ
532 1292 588 1331 ἅμα
610 1294 647 1331 τῷ
662 1291 728 1331 ἁγίῳ
743 1290 880 1329 Πνεύματι

115 1340 189 1376 δόξα,
203 1340 312 1380 κράτος,
325 1339 407 1378 τιμὴ,
420 1341 463 1368 νῦν
478 1338 523 1367 καὶ
541 1337 591 1375 ἀεὶ,
601 1338 646 1367 καὶ
661 1339 697 1371 εἷς
712 1337 770 1370 τοὺς
785 1339 880 1370 αἰῶνας

113 1388 165 1415 τῶν
180 1386 289 1415 αἰώνων.
302 1385 393 1425 Ἀμήν.

809 165 849 187 ΔΙ)
876 164 951 186 COR.

980 164 1096 186 noun..
1127 165 1210 187 xvu.
1609 154 1674 202 169

928 225 1010 254 mur?
1025 236 1188 264 quamquam
1202 226 1300 255 multos
1311 227 1382 264 novi,
1394 227 1440 265 qui
1451 227 1502 256 hoc
1516 238 1565 267 pro
1582 228 1674 256 maxi-

929 283 972 300 ma
985 272 1085 300 habent
1095 272 1286 311 consolatione,
1301 280 1325 301 et
1337 280 1422 302 totum
1439 285 1467 303 se
1484 275 1617 314 accepisse
1630 285 1672 302 ar-

930 318 1074 354 bin-autur,
1092 330 1153 347 curn
1167 330 1210 347 eos
1225 319 1271 357 qui
1285 319 1335 347 sibi
1352 327 1497 349 nocuerunt
1512 321 1604 360 plexos
1626 320 1673 350 vi—

931 365 1004 394 dent.
1019 368 1141 395 Attamen
1157 368 1230 396 Deus
1250 377 1302 395 non
1326 366 1370 395 hic
1387 367 1457 395 sistit
1480 368 1672 396 remuneratio-

932 422 1001 441 nem.
1026 413 1077 442 Sed
1092 414 1134 442 vis
1155 413 1223 442 seire
1238 420 1303 452 quot
1319 420 1343 442 te
1356 413 1426 442 bona
1437 421 1579 453 exceptura
1596 415 1649 443 siut
1660 414 1674 442 ἶ)

933 459 1034 488 Totum
1056 459 1109 488 sibi
1133 460 1227 488 eaelum
1252 459 1347 499 aperit,
1360 467 1512 488 sanctorum
1538 461 1674 489 concivem

932 504 1006 543 facit,
1022 505 1049 534 in
1063 505 1156 535 eodem
1171 506 1252 535 choro
1266 513 1295 535 ut
1307 505 1343 535 sis
1353 506 1444 543 efficit,
1461 517 1477 534 a
1497 507 1611 546 peccatis
1626 508 1675 536 ab·

933 552 1023 590 solvit,
1040 553 1143 592 justitia
1165 560 1283 582 coronat.
1304 553 1333 583 Si
1343 553 1414 582 enim
1423 553 1619 591 quircmittunt
1632 554 1674 589 iis,

933 600 980 638 qui
1001 608 1190 640 peccaverunt,
1204 600 1385 629 remissionem
1398 607 1594 639 consequuntur
1603 612 1611 638 3
1627 601 1674 639 qui

933 657 986 676 non
1001 647 1081 677 modo
1093 648 1241 684 remittunt,
1251 647 1296 676 sed
1308 647 1373 687 ipsis
1387 647 1494 676 abunde
1510 647 1672 685 largiuntur,

932 704 1013 732 quam
1023 705 1075 723 non
1089 701 1281 733 consequentur
1291 693 1525 722 benedictionem?
1535 695 1575 723 Ne
1587 693 1676 732 itaque

933 741 1031 780 pusillo
1045 740 1134 769 animo
1148 741 1225 776 feras,
1247 739 1294 768 sed
1309 739 1390 768 ctiam
1404 750 1510 779 precare
1524 750 1572 779 pro
1587 751 1616 768 eo
1629 739 1676 778 qui

933 795 958 817 te
971 788 1048 817 laesit.
1059 787 1187 816 Pecunias
1200 794 1259 815 tuas
1273 787 1394 826 accepit?
1406 786 1453 815 sed
1465 787 1543 815 etiam
1555 794 1674 825 peccata,

932 834 1000 863 utin
1012 835 1146 863 Neemano
1160 841 1184 862 et
1199 834 1275 863 Giezi
1300 833 1406 862 accidit.
1419 834 1539 869 Quantas
1549 834 1677 873 pecunias

932 891 984 909 non
1001 881 1065 909 dare
1074 880 1213 917 voluisses,
1232 887 1379 920 utpeccata
1391 880 1441 908 tibi
1458 880 1676 909 remitterentur?

933 928 991 957 Hoc
1006 928 1094 967 itaque
1108 939 1178 956 nune
1191 928 1271 956 etiam
1286 939 1336 957 usu
1364 928 1439 957 venit
1454 940 1460 955 ε
1476 928 1497 956 si
1513 929 1584 957 enim
1599 939 1676 967 gene-

932 985 991 1003 rose
1014 975 1091 1009 seras,
1107 985 1155 1002 nec
1167 973 1322 1010 maledicas,
1342 974 1481 1013 splendida
1494 974 1636 1003 redimitus
1650 986 1677 1003 es

933 1030 1040 1049 corona.
1068 1021 1127 1048 Non
1154 1030 1229 1048 meus
1249 1027 1288 1048 est
1308 1030 1403 1055 sermo,
1419 1019 1467 1048 scd
1479 1020 1578 1049 audisti
1596 1021 1677 1049 Chri-

932 1073 1004 1096 stum
1023 1066 1156 1095 dicentem
1172 1078 1178 1094 :
1197 1068 1285 1095 Orate
1307 1076 1360 1105 pro
1375 1068 1411 1096 iis
1426 1069 1478 1106 qui
1487 1068 1572 1095 vobis
1587 1067 1677 1095 mole-
1688 1077 1774 1098 nauh,
1788 1075 1810 1097 Γ..

933 1115 1020 1142 stiam
1036 1119 1144 1141 creant.
1162 1111 1198 1140 Et
1223 1112 1310 1151 cogita
1325 1119 1457 1150 quantum
1479 1112 1513 1140 sit
1526 1107 1727 1151 prae1ni1un‚4⁵·
1741 1107 1780 1138 46.

936 1161 975 1188 Ue
989 1161 1052 1188 sitis
1063 1159 1173 1188 similes
1185 1160 1286 1188 Patris
1311 1161 1404 1188 vestri
1423 1160 1475 1198 qui
1495 1165 1537 1187 est
1550 1161 1580 1187 in
1596 1160 1676 1189 coelo.

932 1206 1026 1244 Itaque
1037 1205 1110 1234 nullo
1126 1205 1248 1244 privatus
1259 1215 1296 1242 es,
1309 1204 1357 1234 sed
1370 1205 1450 1233 etiam
1468 1205 1609 1244 accepisti;
1624 1216 1677 1234 non

932 1252 1032 1292 injuria
1047 1252 1167 1288 affectus,
1189 1250 1236 1280 sed
1257 1258 1399 1280 coronatus
1424 1261 1460 1287 es,
1481 1251 1571 1280 auimo
1591 1252 1678 1291 magis

932 1299 1108 1339 philosophus
1123 1299 1232 1327 effectus
1252 1299 1363 1337 Deoque
1376 1297 1484 1336 similis,
1502 1298 1678 1337 pecuniarum

932 1359 997 1377 cura
1006 1347 1146 1382 liberatus,
1164 1356 1277 1385 regnum
1291 1346 1419 1374 caelorum
1433 1352 1599 1385 assequutus.
1614 1345 1678 1374 Haee

932 1395 1022 1433 itaque
1051 1394 1140 1423 omnia
1163 1393 1304 1422 nobiseum
1326 1398 1488 1432 reputantes,
1519 1391 1547 1420 in
1571 1391 1678 1431 injuriis

931 1440 1162 1482 philosophemur,
1179 1438 1283 1477 dilecti,
1299 1445 1330 1467 ut
1342 1445 1368 1468 et
1376 1449 1391 1467 a
1400 1438 1537 1478 praesentis
1546 1437 1608 1467 vitae
1618 1449 1678 1477 per-

931 1488 1081 1518 turbatione
1104 1487 1261 1525 liberemur,
1271 1492 1296 1515 et
1310 1485 1434 1515 inutilem
1455 1496 1596 1514 moerorem
1607 1485 1678 1525 abji-

929 1535 1039 1569 ciamus,
1051 1534 1226 1572 futurumque
1250 1532 1379 1571 gaudium
1394 1543 1596 1571 consequamur,
1617 1542 1678 1571 gra-

928 1581 965 1610 tia
981 1588 1006 1609 et
1019 1579 1184 1619 benignitate
1198 1579 1307 1607 Domini
1318 1578 1402 1607 nostri
1410 1580 1474 1608 Jesu
1483 1578 1599 1615 Clu-isti,
1614 1578 1674 1616 qui-

927 1638 989 1656 cum
1004 1626 1078 1655 Patri
1092 1633 1117 1654 et
1137 1636 1189 1654 una
1213 1624 1328 1664 Spiritui
1345 1631 1436 1653 saneto
1460 1624 1556 1663 gloria,
1586 1624 1676 1663 impe-

927 1674 1009 1709 rium,
1021 1672 1117 1710 honor,
1134 1681 1205 1699 nunc
1218 1677 1243 1699 et
1256 1680 1367 1709 semper,
1376 1670 1438 1699 etin
1448 1670 1545 1699 saecula
1560 1670 1670 1699 saeculo-

928 1731 997 1749 rum.
1008 1721 1091 1748 Amen
1100 1743 1105 1748 .

145 1829 155 1841 ι
173 1820 247 1846 smil.
262 1825 287 1845 et.
297 1819 501 1851 merehem-sia„
510 1817 586 1852 Reg.[
597 1819 626 1843 A.
636 1822 660 1841 et
672 1817 848 1849 B-Mnmtoyim,
862 1820 886 1839 et
901 1814 937 1839 sic
949 1812 1009 1847 legit
1020 1814 1154 1845 Interpres.
1169 1812 1281 1846 Utraque
1292 1811 1367 1836 lectio
1380 1811 1496 1845 quadrat,

398 1998 533 2028 ΟΜΙΛΙΑ
548 1995 588 2030 ιζ’.

115 2093 208 2122 Πάντα
230 2105 274 2131 μοι
292 2092 401 2128 ἔξεστιν,
417 2093 474 2121 ἀλλ’
490 2092 518 2121 οὖ
535 2091 622 2119 πάντα
637 2088 780 2129 συμφέρει·
794 2087 881 2116 πάντα

155 2151 200 2178 μοι
224 2139 331 2175 ἔξεστιν,
357 2139 414 2167 ἀλλ’
439 2138 486 2167 οὐκ
506 2137 558 2176 ἐγὼ
577 2135 813 2173 ἐξουσιασθήσομαι
830 2134 881 2163 ὑπὸ

156 2185 232 2218 τινός.

156 2282 225 2316 Τοὺς
236 2281 396 2323 λαιμάργους
410 2283 521 2310 ἐνταῦθα
538 2279 688 2309 αἰνίττεται.
705 2276 817 2312 Ἐπειδὴ
831 2276 882 2316 γὰρ

117 2329 206 2369 μέλλει
225 2329 304 2358 πάλιν
319 2328 362 2358 ἐπὶ
377 2329 420 2357 τὸν
437 2326 632 2366 πεπορνευκότα
647 2325 805 2365 “φε’ρεσοαι,
821 2326 837 2359 ἡ
855 2323 881 2351 δὲ

115 2376 222 2416 πορνεία
237 2375 289 2404 ἀπὸ
307 2377 405 2416 τρυφῆς
427 2374 471 2403 καὶ
493 2372 636 2413 ἀμετρίας,
657 2372 774 2411 σφοδρῶς
787 2370 817 2399 τὸ
829 2369 881 2398 πά·

117 2425 159 2456 0ος
174 2423 288 2456 κολάζει.
310 2421 379 2451 Οὐδὲ
393 2421 444 2461 γὰρ
460 2419 520 2460 περὶ
534 2421 586 2448 τῶν
601 2416 820 2457 ἀπηγορευμένων
834 2416 882 2445 λε’-

118 2480 158 2507 γει
179 2472 270 2498 τοῦτο·
294 2469 380 2497 ἐκεῖνα
403 2467 455 2506 γὰρ
477 2467 524 2496 οὐκ
537 2465 652 2499 ἔξεστιν·
676 2463 744 2492 ἀλλὰ
757 2463 882 2502 περὶτῶν

151 2568 161 2579 ²
179 2562 210 2591 [Λ
216 2580 221 2585 .
232 2562 372 2592 zezeman]

1173 1991 1329 2021 HOMILIA
1344 1991 1436 2023 XVII.

935 2086 999 2126 Cap.
1020 2087 1072 2116 VI.
1096 2096 1123 2114 v.
1145 2088 1191 2115 1⁶2.
1214 2087 1317 2114 Omnia
1338 2087 1410 2115 mihi
1434 2087 1531 2123 licent,
1543 2088 1595 2116 sed
1618 2097 1676 2115 non

975 2134 1074 2161 omnia
1094 2133 1250 2171 expediunt
1263 2143 1271 2159 :
1287 2134 1386 2161 omnia
1407 2133 1480 2161 mihi
1503 2133 1601 2170 licent,
1625 2134 1676 2162 sed

975 2190 1027 2219 ego
1035 2181 1085 2208 sub
1100 2179 1210 2208 nullius
1227 2179 1344 2218 redigar
1350 2185 1502 2218 potestate.

976 2275 1002 2302 1.
1026 2272 1170 2300 Helluones
1183 2271 1227 2300 hie
1240 2271 1403 2301 subindicat.
1435 2271 1506 2307 Quia
1527 2271 1599 2300 enim
1614 2283 1674 2300 rur-

934 2330 979 2348 sus
993 2318 1028 2347 ad
1047 2319 1231 2347 fornicatorem
1246 2325 1285 2347 est
1304 2318 1440 2347 rediturus
1453 2341 1460 2352 ,
1473 2318 1613 2347 fornicatio
1629 2329 1676 2347 au—

934 2373 988 2395 tem
1006 2377 1040 2395 ex
1061 2365 1166 2394 deliciis
1189 2372 1214 2393 et
1233 2364 1409 2394 immoderato
1425 2365 1484 2393 cibo
1504 2365 1600 2401 oritur,
1626 2375 1675 2394 vc-

935 2413 1071 2441 liementer
1090 2412 1187 2440 vitium
1211 2410 1279 2439 illud
1295 2411 1415 2450 castigat.
1442 2412 1535 2450 Neque
1557 2411 1629 2440 enim
1642 2411 1677 2440 de

936 2459 1081 2499 prohibitis
1091 2459 1148 2488 brec
1158 2458 1240 2492 (ticin
1255 2458 1301 2487 illa
1318 2469 1433 2496 namque
1447 2468 1498 2487 non
1514 2458 1593 2487 licent
1606 2471 1614 2498 5
1630 2458 1677 2488 sed

1491 2593 1537 2620 ιο,
