1891 2866
511 192 543 214 ΙΝ
571 192 677 214 EPIST.
706 191 730 213 Ι.

53 257 122 295 ἀφῇς
142 255 239 291 αὐτὰς,
258 254 388 294 ἠφάνισας
408 254 453 282 καὶ
469 253 608 286 ἀπώλεσας
630 252 743 281 ἅπαντα.
760 251 819 280 Σω-

52 304 188 341 φρονῶμεν
202 301 285 330 τοίνυν
294 323 301 336 ,
312 301 357 329 καὶ
370 300 406 339 μὴ
426 302 613 340 κατηγορῶμεν
627 302 672 328 τοῦ
683 298 818 336 σώματος,

53 347 122 377 ἀλλὰ
142 350 189 383 τῆς
211 352 326 387 πονηρᾶς
348 347 471 379 διανοίας.
487 347 539 375 Καὶ
561 346 612 385 γὰρ
629 349 673 375 τοῦ
698 344 818 373 διαὸόλου

52 394 127 434 ἔργον
148 396 238 429 τοῦτο,
259 393 364 422 πάντων
389 394 488 431 μᾶλλον
512 398 596 422 ποιεῖν
616 391 674 424 τοὺς
698 390 820 426 ἀνοήτους

53 444 218 480 κατηγορεῖν,
236 439 280 468 καὶ
291 439 414 478 σώματος
427 439 473 468 καὶ
486 443 530 468 τοῦ
545 441 613 468 Θεοῦ
625 438 669 467 καὶ
688 440 734 466 τοῦ
748 438 818 472 πλη-

52 485 122 522 σίον,
133 485 150 520 ἢ
162 487 208 520 τ’ῆς
226 486 414 526 διεφθαρμένης
427 485 534 524 γνώμης
544 497 550 503 ·
564 485 606 514 ἵνα
621 483 657 523 μὴ
671 483 718 520 τὴν
733 482 819 512 αἰτίαν

51 531 169 571 εὗρόντες
191 533 366 570 ἀπαλλαγῶσι
390 534 437 567 τῆς
462 532 533 571 ῥίζης
560 533 611 560 τῶν
633 533 730 560 κακῶν.
750 529 819 559 Ἀλλ’

52 579 126 615 ὑμεῖς
141 577 189 612 τὴν
205 577 347 613 ἐπιδουλὴν
364 578 524 612 συνειδότες,
538 578 582 607 τὸν
597 577 677 616 Ουμὸν
701 577 759 605 κατ’
774 576 820 604 αὖ·

51 626 97 652 τοῦ
108 627 119 639 *¹
127 623 256 663 στρέψαι-τε
264 647 271 660 ,
283 625 328 653 καὶ
343 625 386 653 τὸν
399 624 502 664 ἡνίοχον
514 624 701 658 ἐπιστήσαντες
713 624 751 661 τῷ
764 621 821 655 ζεύ-

52 681 108 708 γει,
122 670 187 710 πρὸς
207 671 249 700 τὸν
265 671 332 700 Θεὸν
356 671 386 699 τὸ
404 670 479 709 ὄμμα
504 672 551 705 τῆς
575 669 690 702 διανοίας
710 668 820 697 τείνατε.

53 716 100 745 Ἔν
116 716 163 755 μὲν
181 717 233 756 γὰρ
245 722 299 750 τοῖς
313 717 402 750 ἄλλοις
417 716 490 746 οὐδὲν
510 718 523 745 ὁ
537 717 580 745 τὸν
596 717 686 754 ἀγῶνα
706 714 756 748 ost<
768 715 822 743 εἰσ-

759 189 804 212 AD
831 190 891 212 COR
898 203 906 211 ·
935 189 1053 212 nomn„

1082 189 1180 211 xvnl.
1549 188 1612 222 177

871 250 1048 290 conjungunt.
1070 249 1100 278 Si
1122 258 1186 287 ergo
1202 248 1254 277 illm
1275 255 1345 277 recte
1363 249 1455 288 positae
1469 248 1531 283 sint,
1547 248 1615 277 nihil

871 305 953 334 grave
965 295 1088 335 patieris;
1104 296 1144 323 sin
1156 295 1216 323 illas
1228 294 1358 331 dimittas,
1369 294 1457 323 omnia
1471 294 1616 323 abolevisti

870 348 896 370 et
910 341 1063 381 perdidisti.
1078 342 1270 380 Temperantes
1283 350 1346 379 ergo
1360 341 1455 378 sinim,
1473 347 1498 369 et
1518 351 1550 369 ne
1571 351 1616 369 ac-

871 398 992 417 cusemus
1011 398 1116 428 corpus,
1138 387 1184 416 sed
1206 386 1309 415 malum
1324 386 1454 415 animum.
1477 387 1545 415 Nam
1565 386 1616 415 hoc

871 434 989 463 maxime
1001 433 1104 463 diaboli
1116 444 1184 475 opus
1199 440 1247 469 est,
1264 439 1294 461 ut
1306 432 1400 461 stultos
1416 432 1501 471 magis
1511 439 1617 461 moveat

871 479 905 509 ad
924 479 1105 509 accusandum
1127 489 1224 519 corpus
1251 486 1274 508 et
1290 479 1379 507 Deum
1397 485 1423 507 et
1446 478 1614 518 proximum,

871 538 952 567 quam
967 534 1123 567 corruptum
1138 527 1276 564 animum3
1291 533 1321 555 ut
1334 537 1377 564 ne,
1389 526 1411 554 si
1423 537 1529 554 causam
1542 525 1617 554 inve-

872 574 968 609 nerint,
980 573 1128 602 liberentur
1140 584 1155 601 a
1166 572 1256 601 radice
1270 572 1412 601 malorum.
1424 571 1478 601 Sed
1493 582 1541 600 vos
1554 582 1618 600 cum

871 620 981 649 insidias
995 619 1168 659 eognoscatiS‚
1182 619 1251 648 iram
1265 618 1361 648 vertite
1379 618 1406 647 in
1428 618 1516 655 illum,
1528 625 1553 646 et
1569 628 1616 646 au-

873 666 960 705 rigam
971 667 1039 706 jugo
1055 666 1231 705 imponentes,
1245 664 1280 693 ad
1294 665 1383 693 Deum
1398 664 1493 693 mentis
1511 663 1618 693 oculum

872 712 1027 741 convertite.
1038 713 1108 740 Nam
1124 711 1151 740 in
1166 711 1227 740 aliis
1239 710 1350 749 quidem
1362 710 1385 739 is
1396 710 1465 739 nihi}
1480 711 1557 739 affert
1570 711 1618 749 qui

52 761 141 803 φέρει,
156 764 214 792 ἀλλ’
236 763 361 801 ἀναμένει
384 763 413 792 τὸ
431 763 504 795 τέλος
517 774 523 780 ·
541 764 651 791 ἐνταῦθα
671 760 698 790 δὲ
718 761 747 790 τὸ
767 765 820 788 πᾶν
838 767 856 790 D
872 765 1003 787 certamen
1023 758 1171 798 proposuit,
1183 757 1232 786 sed
1246 764 1382 796 exspectat
1395 757 1476 785 finem
1488 769 1494 784 ε
1506 757 1551 785 hic
1571 768 1618 786 au-

52 811 66 838 ὁ
81 809 242 848 ἀγωνοθέτης
254 810 309 839 ἐστὶ
321 810 396 842 Θεός,
408 811 433 839 T
435 813 506 838 οὔτον
519 809 603 837 τοίνυν
619 807 721 848 ἔχωμεν
732 808 820 843 ἵλεων,

51 855 97 884 καὶ
110 856 215 890 πάντως
239 856 424 895 ἓπιτευξόμεθα
446 855 520 884 1’τῶν
541 855 689 894 μελλόντων
705 855 819 892 ἀγαθῶν,

51 901 141 941 χάριτι
167 903 211 931 καὶ
234 902 416 942 φιλανθρωπίᾳ
437 904 483 930 τοῦ
506 901 603 939 Κυρίου
630 902 706 938 ἡμῶν
732 899 751 928 Ἰ
758 902 820 934 ησοῦ

52 948 182 987 Χριστοῦ,
197 948 255 987 μεθ’
269 943 297 977 οἷ
312 950 349 988 τῷ
362 947 449 987 Πατρὶ
464 947 519 984 ἅμα
540 948 576 986 τῷ
597 946 664 985 ἁγίῳ
683 944 820 983 Πνεύματι

52 993 129 1029 δόξα,
143 994 248 1034 κράτος,
264 993 347 1032 τιμὴ,
362 997 405 1023 νῦν
416 993 461 1022 καὶ
478 993 527 1028 ἀεὶ,
539 993 583 1021 καὶ
598 992 633 1025 εἷς
651 991 709 1024 τοὺς
724 992 819 1024 αἰῶνας

51 1040 102 1067 τῶν
118 1040 227 1069 αἰώνων.
243 1039 334 1078 Ἀμήν.

82 1143 92 1155 ³
111 1135 222 1170 [τρέψατε
234 1134 300 1167 vuig.
313 1134 464 1159 mutavimus
475 1132 627 1158 auctoritate
639 1132 806 1165 eorumdem]

83 1176 96 1194 Β
115 1174 154 1209 [Α.
164 1176 192 1201 Β.
202 1183 247 1201 τῶν
255 1187 282 1207 μ.-
295 1178 417 1209 στεράυων,
427 1175 456 1199 ὧν
466 1178 550 1206 γένοιτο
562 1177 648 1202 πάντας
658 1177 719 1206 ἡμᾶς
729 1176 807 1199 ἐπιτυ-

873 812 925 834 tem
939 805 1047 834 omnino
1058 805 1217 844 agonotheta
1233 810 1272 833 est
1286 805 1369 832 Deus.
1386 804 1465 832 Hunc
1481 813 1544 843 ergo
1555 814 1619 844 pro-

872 852 971 891 pitium
986 852 1142 888 habeamus,
1152 858 1177 880 et
1194 851 1304 880 omnino
1318 861 1510 890 consequemur
1528 851 1619 880 futura

871 898 953 935 bona,
977 899 1062 937 gratia
1083 905 1109 926 et
1128 897 1292 936 benignitate
1318 897 1427 926 Domini
1451 897 1533 926 nostri
1554 898 1618 927 Jesu

873 944 984 978 Christi,
997 944 1107 982 quicum
1118 944 1192 972 Patri
1207 953 1312 981 unaque
1322 943 1437 982 Spiritui
1454 950 1544 971 sancto
1555 944 1615 982 glo-

872 991 1027 1029 riadhonor,
1038 991 1194 1030 imperium,
1202 1001 1272 1019 nunc
1285 997 1309 1019 et
1320 1001 1434 1030 semper,
1449 997 1473 1019 et
1485 991 1512 1019 in
1522 991 1616 1020 soeculn

870 1037 1039 1066 sacculorum.
1055 1039 1149 1066 Amen.

855 1131 924 1166 χεῐν.]

330 1350 464 1379 omnm
491 1348 535 1386 ιη’.

48 1444 107 1474 Οὐκ
116 1444 202 1473 οἴδατε
215 1443 256 1473 ὅτι
270 1443 303 1473 τὰ
316 1442 429 1482 σώματα
441 1443 514 1479 ὑμῶν
527 1441 594 1481 μέλη
604 1445 649 1471 τοῦ
660 1442 774 1481 Χριστοῦ
785 1441 816 1469 εἶ-

91 1503 132 1520 σιν
138 1503 146 1527 ;
162 1491 228 1531 ἄρας
243 1485 286 1520 οὖν
298 1489 331 1519 τὰ
349 1489 416 1528 μέλη
429 1492 473 1518 τοῦ
488 1490 602 1529 Χριστοῦ
612 1511 619 1524 ,
631 1487 736 1523 ποιήσω
749 1487 817 1527 πόρ-

88 1550 133 1572 νης
153 1538 234 1576 με’λη;
249 1537 295 1573 Μὴ
309 1537 416 1576 γένοιτο.

88 1629 152 1660 Ἀπὸ
166 1633 211 1659 τοῦ
221 1628 426 1668 πεπορνευκότος
442 1629 484 1658 ἐπὶ
497 1628 540 1657 τὸν
554 1627 713 1662 πλεονέκτην
730 1639 815 1665 μετα-

49 1677 111 1711 Εὰς,
125 1677 204 1705 πάλιν
223 1675 277 1705 ἀπὸ
298 1675 390 1704 τούτου
406 1675 470 1715 πρὸς
488 1676 583 1703 ἐκεῖνον
598 1673 717 1712 ἔρχεται,
729 1673 816 1701 οὐκέτι

47 1723 137 1753 λοιπὸν
155 1722 220 1763 πρὸς
239 1722 315 1751 αὐτὸν
338 1721 536 1760 διαλεγόμενος,
560 1719 629 1748 ἀλλὰ
651 1724 705 1752 τοῖς
727 1720 815 1751 ἄλλοις

46 1774 100 1803 τοῖς
123 1769 159 1807 μὴ
184 1767 385 1808 πεπορνευκόσι-
400 1768 465 1797 εκαὶ
487 1766 590 1800 τούτους
610 1766 815 1806 ἀσφαλιζόμενος

47 1816 151 1855 μήποτε
161 1815 322 1856 περιπέσωσι
341 1818 395 1848 τοῖς
417 1815 517 1848 αὐτοῖς,
532 1813 630 1843 ἐκείνου
650 1812 814 1841 καθάπτεται

45 1862 134 1891 πάλιν.
143 1861 177 1892 O
194 1861 245 1901 γὰρ
255 1860 430 1900 ἡμαρτηκὼς,
441 1860 489 1889 κᾶν
500 1861 565 1900 πρὸς
575 1860 661 1899 ἕτερον
675 1861 755 1888 ἀποτε
760 1858 814 1898 ίνῃς

44 1909 89 1938 τὸν
99 1909 185 1948 λόγον,
199 1912 328 1937 κεντεῖται
342 1919 387 1936 και
402 1906 469 1936 οὕτω
478 1929 487 1944 7
500 1919 545 1936 του
560 1905 705 1938 συνειδότος
717 1906 754 1934 διε
756 1917 813 1944 γει-

47 1956 154 1995 ρομένου
169 1955 214 1984 καὶ
227 1957 414 1994 μαστιγοῦντας
431 1954 517 1983 αὐτόν.
532 1953 632 1986 Ἱκανὸς
649 1952 696 1991 μὲν
711 1955 754 1981 οὖν
768 1963 813 1981 και

46 2002 98 2032 ἀπὸ
106 2005 152 2038 Τῆς
167 2001 296 2042 ’Ίμωρίας
308 2001 386 2041 0000:
399 2004 430 2037 ἠν
447 1999 539 2033 αὐτους
553 2004 696 2039 Χαῖαῠ-[Εἷν
709 1999 752 2029 ἐπὶ
766 2002 812 2034 ’.ἧς

1108 1347 1268 1376 HOMILIA
1289 1346 1395 1377 XVIII.

868 1440 934 1470 Cn.
949 1441 1000 1470 vl.
1014 1451 1042 1470 v.
1064 1441 1111 1469 15.
1132 1441 1168 1469 N
1163 1441 1258 1469 escitis
1274 1440 1354 1479 quod
1371 1449 1493 1478 corpora
1513 1445 1614 1468 vestra

908 1490 1038 1516 membra
1053 1493 1123 1516 sant
1138 1487 1261 1516 Christt.
1257 1489 1268 1507 ²
1280 1487 1386 1515 tollens
1401 1497 1467 1525 ergo
1484 1487 1614 1515 membra

909 1535 1030 1569 Christi,
1036 1534 1157 1572 faciam
1173 1534 1302 1561 membra.
1318 1533 1477 1561 meretricis
1488 1535 1501 1560 ,³
1514 1533 1612 1561 Absit.

908 1625 1012 1655 'LCum
1024 1636 1038 1654 a
1050 1625 1209 1654 fornicatore
1221 1625 1248 1654 in
1262 1635 1374 1654 avarum
1400 1624 1543 1661 transiiset,
1554 1635 1613 1653 rur-

869 1684 913 1702 sus
928 1673 1025 1703 abhoc
1043 1673 1115 1702 venit
1136 1673 1171 1701 ad
1182 1673 1270 1708 illum,
1286 1683 1338 1701 non
1351 1672 1421 1701 ultra
1444 1672 1533 1712 ipsum
1547 1672 1613 1700 allu—

867 1731 962 1759 quens,
975 1720 1020 1749 sed
1037 1720 1104 1748 alios
1117 1720 1164 1758 qui
1177 1719 1298 1748 fornicati
1310 1730 1362 1748 non
1378 1719 1496 1757 fuerant3
1514 1726 1540 1748 et
1550 1719 1614 1748 illos

866 1767 1000 1803 muniens,
1023 1773 1094 1794 utne
1111 1765 1356 1806 inpariaincidant,
1364 1766 1451 1806 ipsum
1459 1765 1546 1795 denuo
1552 1777 1612 1805 per-

865 1814 980 1853 stringit.
995 1814 1063 1842 Nam
1078 1814 1125 1852 qui
1140 1813 1270 1853 peccavit,
1287 1813 1388 1842 etiamsi
1406 1813 1441 1841 ad
1454 1813 1539 1842 alium
1552 1824 1611 1842 ora-

864 1860 963 1890 tionem
978 1860 1089 1899 dirigas,
1103 1860 1141 1889 sic
1157 1860 1237 1888 etiam
1251 1860 1390 1899 pungitur,
1405 1859 1534 1888 concitata
1547 1870 1611 1889 con-

863 1906 973 1936 scientia
988 1907 1130 1946 ipsumque
1144 1906 1310 1935 verberante.
1327 1905 1485 1935 Sufficiebat
1500 1906 1610 1944 quidem

865 1960 950 1981 metus
965 1952 1091 1992 supplicii
1108 1952 1142 1980 ad
1156 1952 1217 1980 illos
1231 1951 1259 1980 in
1275 1951 1395 1980 castitate
1416 1951 1587 1981 continendos
1600 1964 1607 1980 :

863 2000 926 2038 quia
945 2010 1007 2028 vero
1029 2009 1080 2027 non
1098 2006 1169 2027 metu
1186 2005 1290 2026 tantum
1304 1998 1363 2026 vult
1383 1998 1441 2026 haec
1455 2005 1525 2028 recte
1545 2009 1609 2027 con-

45 2049 224 2088 σωφροσύνης·
241 2047 331 2083 ἐπειδὴ
349 2047 375 2077 δὲ
396 2049 425 2076 οὗ
450 2047 571 2086 βούλεται
584 2046 657 2086 cpo'Go
681 2045 757 2084 μόνον
777 2045 939 2083 τὰ1525ῑίιιιί
949 2067 957 2082 ,
973 2045 1058 2074 minas
1076 2044 1157 2073 simul
1171 2051 1196 2072 et
1210 2043 1348 2072 ratiocinia
1363 2043 1450 2072 affert.
1467 2044 1528 2073 Illic
1546 2054 1609 2083 ergo

45 2097 153 2124 τοιαῦτα
168 2097 320 2133 κατορθοῦν,
336 2094 380 2123 καὶ
398 2093 508 2127 ἀπειλὰς
523 2094 567 2123 καὶ
583 2092 724 2132 λογισμοὺς
740 2092 811 2127 τίΟη-
827 2093 847 2114 Λ
863 2104 925 2122 cum
939 2099 1078 2132 peccatum
1098 2091 1226 2127 dixisset,
1250 2098 1274 2120 et
1287 2102 1394 2131 poenam
1411 2092 1544 2121 statuisset
1562 2091 1610 2120 da-

47 2153 96 2170 σιν.
114 2140 187 2170 Ἐκεῖ
201 2139 247 2179 μὲν
262 2135 305 2169 οἶν
321 2140 350 2169 τὸ
362 2140 509 2179 ἁμάρτημα
524 2139 615 2177 εἰπὼν,
639 2139 684 2169 καὶ
705 2139 753 2175 τὴν
769 2151 812 2167 τι-

45 2186 147 2226 μωρίαν
159 2185 259 2227 ὃρίσας,
273 2185 319 2214 καὶ
328 2186 376 2221 τὴν
387 2186 488 2225 {fldem
499 2186 583 2220 δείξας
590 2186 639 2222 τὴν
652 2188 682 2216 ἐκ
691 2188 738 2221 τῆς
752 2197 812 2214 συν-

43 2235 132 2266 ουσίας
150 2235 195 2261 τοῦ
207 2232 411 2271 πεπορνευκότος
421 2232 592 2271 ἐγγενομένην
605 2233 712 2269 ἅπασιν,
725 2233 812 2268 ἀπηλ-

43 2280 112 2319 λάγη
121 2302 128 2316 ,
143 2279 187 2307 καὶ
201 2291 265 2319 προς
279 2290 326 2313 την
341 2277 491 2311 πλεονεξίαν
504 2278 631 2333 μετέστη,
647 2278 692 2308 καὶ
704 2280 752 2315 τὴν
764 2277 810 2307 ἔκ-

43 2338 144 2356 ’ττωσιν
157 2337 205 2360 της
223 2324 359 2363 βασιΛείας
375 2324 520 2359 ἀπειλήσας
532 2325 616 2354 τούτω
630 2326 674 2355 καὶ
688 2331 742 2360 τοῖς
754 2329 811 2357 λοι-

43 2377 101 2406 ποῖς
117 2373 224 2408 ἅπασιν,
234 2375 270 2404 οἱς
279 2371 424 2408 κατέλεξεν,
432 2370 500 2401 οὕτω
513 2372 555 2401 τὸν
566 2371 667 2411 λόγον
645 2373 810 2434 γοιταιξρτισεν·

45 2420 155 2448 evaneat
173 2418 200 2448 δὲ
222 2429 267 2448 και
290 2418 494 2458 φρικωοέστερον
507 2419 682 2459 μεταχειρίζει
696 2419 744 2455 τὴν
758 2433 809 2450 πα-

48 2465 168 2504 ραίνεσιν.
178 2464 216 2495 ζὈ
229 2476 256 2493 τε
271 2465 322 2504 γὰρ
333 2464 362 2493 τὸ
377 2464 523 2504 ἁμάρτημα
536 2465 652 2499 κολάζων
668 2466 754 2504 μόνον,
764 2467 808 2496 καὶ

79 2575 88 2586 ·“
106 2566 159 2600 Ιοῦς
172 2571 207 2593 καὶ
221 2572 271 2600 :2:55.
285 2567 323 2600 Α]

863 2150 1009 2178 mniumque
1017 2137 1262 2176 ostendisset‚quod
1269 2138 1393 2167 omnibus
1403 2138 1565 2167 afferebatur
1575 2149 1610 2167 ex

863 2186 911 2216 tali
925 2185 1092 2214 fornicatoris
1109 2184 1268 2222 concubitu5
1283 2183 1320 2213 ad
1333 2184 1475 2213 avaritiam
1491 2184 1608 2222 transiit,

863 2240 887 2263 et
902 2233 1019 2262 minatus
1032 2232 1088 2261 fore
1103 2238 1131 2260 ut
1147 2242 1162 2260 a
1178 2241 1261 2270 regno
1275 2230 1409 2267 excidant,
1425 2239 1450 2260 et
1463 2231 1506 2260 hic
1520 2239 1546 2260 et
1561 2242 1610 2260 cae-

862 2280 910 2309 teri
922 2290 1023 2314 omnes,
1035 2290 1101 2318 quos
1114 2278 1254 2315 recensuit,
1265 2277 1303 2307 sic
1313 2278 1457 2307 orationem
1473 2278 1607 2308 absolvit:

862 2327 907 2355 hic
928 2333 1017 2355 autem
1038 2325 1238 2354 horribiliorem
1262 2324 1365 2353 inducit
1385 2324 1605 2354 admonitionem.

862 2374 931 2402 Nam
952 2372 998 2412 qui
1012 2378 1150 2412 peccatum
1166 2371 1242 2411 punit
1256 2377 1372 2407 tantum,
1395 2382 1443 2400 nec
1461 2371 1608 2400 admodum

862 2432 944 2461 grave
968 2427 994 2449 et
1017 2420 1140 2458 iniquum
1163 2417 1290 2454 ostendit,
1318 2419 1385 2447 nihil
1407 2426 1461 2448 tam
1480 2429 1607 2458 maguum

863 2479 910 2508 per
924 2466 1089 2507 supplicium
1103 2465 1165 2494 facit
1181 2477 1186 2493 :
1201 2465 1246 2503 qui
1261 2475 1324 2495 vero
1338 2465 1372 2494 ad
1385 2465 1514 2505 pudorem
1528 2465 1606 2494 indu—
