1891 2866
230 204 297 237 530
582 217 610 238 ς.
639 216 777 240 πηκωε
804 218 982 240 6111115051.

228 277 358 304 membra
372 287 380 302 :
394 278 454 304 siue
477 277 660 316 glorificatur
684 289 773 306 unum
796 280 963 311 membrum,

227 323 410 361 congaudent
424 325 522 351 omnia
536 325 672 353 membra.
695 324 729 352 Et
751 324 884 362 quomodo
905 334 967 352 con-

227 368 357 406 gaudent,
367 369 469 407 inquies
480 369 650 398 ?Coronatur
663 378 754 409 caput,
766 377 790 398 ct
804 377 872 398 totus
888 370 967 397 homo

227 414 407 451 glorificatur:
420 426 581 454 quamquam
596 427 625 445 os
638 416 714 451 dicit,
724 423 749 444 et
763 416 849 444 rident
860 416 930 443 oculi
943 422 968 442 et

226 459 350 488 laetantur
360 471 366 487 ε
377 471 428 489 non
440 468 478 489 est
492 462 631 490 oculorum
646 461 831 501 pulchritudo,
844 460 891 489 sed
912 461 966 488 lin-

226 515 286 543 guae
306 505 563 540 sacundiaffiursus,
578 508 600 536 si
619 508 724 547 pulchri
746 512 889 545 appareant
905 516 967 533 ocu-

226 551 261 588 li,
272 558 326 580 tota
346 552 442 581 mulier
465 560 575 581 ornatur
589 565 594 580 :
610 553 679 582 sicut
693 553 771 580 otiam
794 552 874 588 oculi,
885 552 906 580 si
922 563 966 580 rc<

226 604 285 626 ctus
300 608 395 635 nasus,
411 598 508 627 collum
531 605 650 633 rectum,
669 605 694 626 et
708 598 759 626 alia
774 597 893 626 membra
908 597 968 625 lau-

224 642 461 680 dentur,1aetantur
471 651 495 673 et
504 654 558 683 prae
569 643 667 682 gaudio
679 643 808 681 gestiunt3
820 654 850 672 ac
860 654 968 671 rursum

222 690 408 729 lacrymantur
422 691 449 719 in
463 690 603 718 doloribus
615 696 640 718 et
653 689 850 718 calamitatibus
861 700 966 726 eorum,

225 736 329 765 etiamsi
344 737 394 775 ipsi
410 736 486 764 illaesi
498 742 633 764 maneant.

264 782 292 810 4.
302 781 363 810 Haec
377 792 440 819 ergo
452 791 542 809 omnes
556 781 710 820 cogitantes,
720 781 857 809 imitemur
868 780 965 809 borum
973 799 1009 816 Ν,

1014 217 1167 239 Amnum).
1197 216 1464 238 CONSTANTINOP-

1018 277 1193 314 εὖδοκίμησις.
1209 276 1294 304 Πάλιν
1306 277 1446 314 ὀφθαλμῶν
1467 277 1555 305 καλῶν
1578 277 1750 316 φαινομένων,
1766 282 1783 314 ἡ

1018 328 1092 351 πᾶσα
1108 322 1171 358 γυνὴ
1185 322 1395 355 καλλωπίζεται·
1415 322 1504 362 ὥσπερ
1520 318 1564 351 οὖν
1580 323 1623 352 καὶ
1642 319 1727 359 οὗτοι,
1741 325 1786 353 καὶ

1020 369 1086 406 ῥινὸς
1101 367 1200 400 εὐθείας
1214 367 1258 395 καὶ
1274 367 1378 406 αὐχένος
1393 370 1468 407 ὀρθοῦ
1482 369 1526 397 καὶ
1539 369 1633 408 ἑτέρων
1648 371 1733 407 μελῶν
1745 371 1787 409 ἐγ-

1019 414 1232 452 κωμιαζομένων,
1250 414 1377 452 γεγήθασι
1400 414 1446 443 καὶ
1469 415 1572 454 φαιδροὶ
1595 416 1724 454 γίνονται·
1740 417 1785 445 καὶ

1018 460 1158 498 δακρύουσι
1171 460 1250 488 πάλιν
1267 459 1333 498 μετὰ
1353 461 1452 495 πολλ’-ῆς
1466 464 1513 496 τῆς
1536 461 1672 500 δαψιλείας
1686 464 1712 491 ἐν
1726 467 1786 494 ταῖς

1017 506 1120 538 ὀδύναις
1134 507 1217 534 αὐτῶν
1232 505 1277 535 καὶ
1293 511 1349 539 ταῖς
1368 512 1512 546 συμφοραῖς
1521 531 1528 544 ,
1541 508 1588 536 κᾶν
1603 510 1699 541 ἀσινεῖς
1711 509 1783 538 αὐτοὶ

1018 552 1168 590 διαμένωσι.

1057 784 1139 812 Ταῦτ’
1154 778 1195 811 οὖν
1208 782 1220 797 b
1228 782 1340 815 ἅπαντες
1350 783 1516 818 ἐννοήσαντες
1524 805 1532 818 ,
1547 783 1726 821 μιμησώμεθα
1735 782 1782 818 τὴν

224 827 404 855 membrorum
423 827 593 855 dilectionem
605 849 612 862 ‚
625 837 707 865 neque
729 826 859 855 contraria
883 826 964 855 sacia·
982 827 1001 848 A
1017 829 1121 867 ἀγάπην
1139 831 1191 857 τῶν
1207 830 1292 866 μελῶν
1308 828 1416 864 τούτων,
1432 828 1498 866 μηδὲ
1515 828 1640 857 τάναντία
1657 831 1782 866 ποιῶμεν,

223 884 293 906 mus,
309 873 386 901 malis
400 873 518 913 proximi
536 873 704 910 insultantes,
721 880 745 902 et
759 873 816 912 ejus
829 873 907 901 bonis
925 873 965 901 in-

222 918 341 947 videntes
354 931 360 946 :
373 919 518 948 furentium
533 919 604 947 enim
617 919 668 947 hoc
683 926 721 948 est
735 926 760 948 et
774 930 867 948 eorum
878 919 924 957 qui
937 919 964 947 in

221 974 331 993 excessu
351 965 445 994 mentis
461 972 531 994 sunt.
544 965 651 993 Etenim
663 965 709 1004 qui
728 965 821 993 effodit
842 965 961 1000 oculum,

222 1011 371 1040 maximum
381 1012 480 1051 profert
488 1011 609 1040 amentia?
623 1011 730 1050 signum
741 1023 746 1038 :
758 1011 840 1050 etqui
854 1021 964 1039 manum

221 1057 327 1093 exedit,
344 1064 441 1098 apertae
464 1057 572 1086 insaniae
594 1064 783 1096 argumentum
804 1058 913 1096 praehet.
933 1057 962 1087 Si

221 1111 310 1132 autem
324 1104 377 1133 hoc
390 1104 418 1132 in
433 1104 571 1141 membris,
583 1104 610 1132 in
623 1104 751 1132 fratribus
771 1104 897 1132 similiter
911 1104 963 1132 ad—

221 1150 334 1179 missum
349 1151 509 1191 insipientiae
526 1151 624 1179 famam
637 1151 724 1186 affert,
737 1157 761 1178 et
775 1161 828 1178 non
842 1150 900 1179 leve
917 1150 963 1179 de-

219 1197 376 1226 trimentum
391 1197 502 1226 inducit.
517 1198 586 1226 Nam
598 1196 726 1235 quamdiu
743 1196 788 1225 ille
801 1196 962 1235 resplendet,

220 1251 268 1272 tua
287 1255 393 1282 quoque
413 1244 497 1272 forma
509 1250 628 1283 apparet,
642 1250 667 1271 et
681 1253 777 1282 corpus
792 1250 877 1271 tutum
887 1253 963 1271 orna-

221 1297 283 1327 tur;
294 1301 379 1329 neque
393 1290 463 1319 enim
474 1289 508 1318 ad
523 1301 549 1318 se
567 1290 653 1318 solum
668 1288 899 1328 pulchritudinem
915 1289 962 1318 ad-

219 1336 306 1374 ducit,
318 1336 365 1365 sed
374 1343 399 1364 et
410 1336 460 1364 tibi
471 1335 604 1375 gloriandi
614 1336 702 1364 locum
714 1335 829 1374 przebet:
841 1335 863 1363 si
874 1342 962 1364 autem
980 1342 996 1364 B

221 1382 299 1411 illum
313 1383 477 1421 exstinguas,
495 1382 544 1410 toti
561 1381 666 1421 corpori
677 1391 829 1409 communes
842 1381 963 1410 tenebras

219 1428 344 1465 effecisti,
354 1435 380 1457 et
394 1428 518 1457 omnibus
532 1428 661 1456 membris
680 1427 811 1455 induxisti
826 1427 963 1455 calamita-

220 1481 274 1502 tem
280 1486 289 1511 5
306 1481 335 1502 ut
359 1484 393 1502 ex
403 1474 546 1510 contrario,
570 1473 591 1501 si
607 1472 789 1512 splendentem
811 1483 959 1507 conserves,

221 1519 301 1548 totius
316 1520 433 1559 corporis
446 1520 561 1548 sormam
576 1529 722 1547 conservas.
740 1519 823 1546 Nemo
838 1518 908 1546 enim
921 1517 961 1545 di-

221 1565 267 1601 cit,
281 1565 396 1594 Pulcher
412 1572 451 1594 est
462 1565 566 1599 oculus,
583 1564 627 1593 sed
640 1563 707 1603 quid
719 1564 867 1592 ?F01‘mosa
878 1571 917 1592 cst
930 1564 963 1592 il-

221 1612 246 1640 la
258 1612 298 1640 :si
310 1618 399 1640 autem
416 1618 442 1640 et
459 1611 516 1650 ipse
528 1609 653 1639 laudetur
665 1616 744 1649 ,post
760 1620 900 1638 commune
919 1620 963 1638 en-

222 1657 339 1686 comium
353 1657 487 1686 laudatur.
502 1657 548 1686 Sic
563 1663 589 1685 et
604 1657 631 1684 in
649 1656 766 1685 Ecclesia
783 1656 923 1695 contingit.
935 1657 963 1686 Si

221 1704 292 1733 enim
309 1703 420 1742 quidam
437 1703 506 1737 sint,
522 1703 568 1741 qui
590 1703 660 1732 bona
683 1703 753 1731 fama
768 1702 965 1741 gaudeant,t0-

221 1757 280 1778 tum
295 1760 391 1789 eorpus
406 1749 495 1778 laudis
509 1749 625 1777 fructum
638 1749 758 1788 percipit.
775 1749 879 1777 Inimici
892 1759 964 1777 nam-

222 1806 273 1834 que
285 1796 403 1824 encomia
425 1806 478 1823 non
491 1794 672 1834 distinguunt,
685 1794 731 1823 sed
747 1795 923 1833 conjungunt.
932 1794 966 1822 Et

1015 874 1215 912 ἐπεμῧαίνοντες
1231 879 1284 906 τοῖς
1298 877 1342 902 τοῦ
1357 874 1467 909 πλησίον
1483 878 1588 909 κακοῖς,
1603 874 1647 902 καὶ
1663 877 1783 913 φθονοῦν-

1015 932 1056 952 τες
1070 924 1122 953 τοῖς
1134 923 1179 948 τοῦ
1196 919 1306 954 πλησίον
1327 921 1446 958 ἀγαθοῖς·
1464 920 1626 958 μαινομένων
1643 919 1694 960 γὰρ
1708 923 1784 949 τοῦτο

1015 967 1059 994 καὶ
1074 965 1257 1001 ἐξεστηκότων.
1273 965 1324 994 Καὶ
1340 965 1391 1004 γὰρ
1403 968 1416 993 ὁ
1427 966 1470 994 τὸν
1485 966 1618 1005 ὀφθαλμὸν
1633 965 1783 1004 ἐξορύπων,

1014 1013 1215 1051 παραφροσύνης
1237 1011 1357 1049 μέγιστον
1380 1013 1474 1050 δεῖγμα
1499 1011 1634 1051 ἐξήνεγκε·
1648 1011 1692 1040 καὶ
1706 1014 1720 1040 ὁ
1734 1012 1783 1046 τὴν

1013 1063 1090 1097 χεῖρα
1106 1058 1258 1093 >ezras-Oion,
1270 1059 1394 1097 λαμπρᾶς
1407 1057 1501 1094 μανίας
1511 1058 1657 1096 παρέχεται
1667 1057 1783 1097 ἔλεγχον.

1015 1106 1048 1133 ΕΞ
1063 1104 1089 1133 δὲ
1119 1104 1162 1133 ἐπὶ
1178 1106 1229 1132 τῶν
1255 1105 1340 1141 μελῶν
1360 1107 1445 1139 τοῦτο,
1467 1104 1511 1132 καὶ
1525 1104 1569 1131 ἐπὶ
1589 1105 1641 1131 τῶν
1664 1104 1782 1142 ἀδελφῶν

1013 1151 1110 1189 ὁμοίως
1139 1151 1273 1190 γινόμενον
1296 1149 1497 1189 παραφροσύνης
1521 1149 1670 1189 περιτίθησι
1697 1148 1782 1183 δόξαν,

1013 1198 1057 1225 καὶ
1073 1197 1174 1235 βλάὸην
1200 1199 1227 1224 οὗ
1247 1196 1295 1231 τὴν
1310 1199 1439 1234 τυχοῦσαν
1464 1195 1566 1233 ἐπάγει.
1582 1194 1656 1227 “Eme
1671 1194 1718 1233 μὲν
1732 1195 1784 1234 γὰρ

1014 1244 1044 1272 ἂν
1061 1245 1156 1277 ἐκεῖνος
1170 1243 1263 1281 λάμπῃ
1275 1264 1283 1279 ,
1301 1243 1346 1270 καὶ
1359 1245 1376 1276 ἡ
1393 1241 1426 1276 σὴ
1445 1241 1573 1280 εὐμορφία
1595 1240 1716 1280 φαίνεται
1737 1241 1784 1270 καὶ

1011 1289 1070 1318 ὅλον
1092 1288 1286 1321 καλλωπίζεται
1296 1288 1324 1316 τὸ
1337 1290 1415 1325 σῶμα
1428 1299 1434 1305 ·
1449 1287 1506 1316 οὐδὲ
1517 1286 1569 1327 γὰρ
1581 1287 1618 1319 εἷς
1629 1286 1720 1315 ἑαυτὸν
1731 1286 1783 1325 μό-

1012 1347 1053 1363 νον
1069 1335 1099 1364 τὸ
1113 1335 1208 1367 κάλλος
1222 1334 1396 1374 περιίστησιν,
1417 1333 1484 1363 ἀλλὰ
1501 1334 1545 1362 καὶ
1560 1333 1600 1362 σοὶ
1625 1333 1716 1362 δίδωσι
1741 1345 1783 1362 σε·

1013 1381 1151 1420 μνύνεσθαι
1161 1393 1167 1398 ·
1183 1381 1214 1409 ἂν
1228 1381 1254 1409 δὲ
1269 1380 1435 1418 κατασὸέσῃς
1453 1379 1539 1415 αὐτὸν,
1559 1378 1612 1418 ὅλῳ
1622 1382 1661 1418 τῷ
1677 1378 1783 1415 σώματι

1011 1428 1095 1456 κοινὸν
1110 1428 1139 1456 τὸ
1154 1426 1244 1459 σκότος
1267 1425 1394 1466 εἰργάσω,
1409 1425 1454 1454 καὶ
1473 1430 1539 1453 πᾶσι
1560 1429 1614 1457 τοῖς
1628 1425 1720 1462 μέλεσι
1734 1425 1783 1459 τὴν

1012 1473 1146 1512 συμφορὰν
1161 1472 1306 1511 ἐπήγαγες·
1330 1471 1420 1511 ὥσπερ
1439 1467 1482 1499 οῧν
1505 1471 1549 1500 ἐὰν
1568 1471 1694 1510 διατηρῇς
1713 1470 1784 1508 λάμ-

1012 1531 1094 1548 ποντα
1106 1543 1113 1555 ,
1126 1519 1261 1559 ὁλοκλήρῳ
1271 1521 1309 1558 τῷ
1325 1518 1430 1556 σώματι
1440 1517 1488 1552 τὴν
1498 1516 1568 1557 ὥραν
1578 1518 1716 1556 διατηρεῖς.
1727 1518 1782 1546 Οὖ-

1013 1566 1063 1597 δεὶς
1073 1564 1123 1603 γάρ
1135 1576 1222 1603 φησιν,
1237 1564 1277 1592 ὅτι
1291 1564 1370 1596 καλὸς
1381 1566 1395 1592 ὁ
1409 1563 1542 1602 ὀφθαλμὸς
1551 1585 1558 1598 ,
1573 1562 1642 1591 ἀλλὰ
1651 1562 1693 1597 τί;
1706 1562 1783 1597 Καλὴ

1012 1613 1029 1646 ἡ
1045 1611 1129 1639 δεῖνα·
1144 1610 1174 1638 ἂν
1190 1609 1216 1638 δὲ
1232 1609 1276 1638 καὶ
1290 1609 1364 1641 αὐτὸς
1384 1609 1544 1643 ἐπαινῆται,
1561 1608 1628 1646 μετὰ
1646 1609 1677 1637 τὸ
1698 1609 1784 1638 κοινὸν

1013 1656 1142 1695 ἐγκώμιον
1156 1657 1311 1684 ἐπαινεῖται.
1321 1655 1400 1684 Οὕτω
1414 1655 1459 1684 καὶ
1471 1656 1496 1683 ἐν
1508 1656 1541 1693 τῇ
1555 1654 1704 1694 Ἐκκλησία
1716 1666 1785 1692 συμ-

1014 1703 1097 1732 ἒαίνει
1108 1714 1114 1720 ·
1131 1703 1160 1730 ἂν
1174 1702 1225 1741 γὰρ
1241 1696 1291 1730 ὦσί
1309 1713 1376 1734 τινες
1391 1702 1415 1729 οἱ
1427 1701 1638 1738 εὐδοκιμοῦντες,
1655 1701 1686 1729 τὸ
1697 1700 1782 1729 κοινὸν

1014 1751 1161 1787 καρποῦται
1175 1748 1221 1783 τὴν
1238 1746 1376 1786 εὐφημίαν.
1395 1747 1430 1775 Οἱ
1445 1746 1495 1785 γὰρ
1512 1746 1600 1786 ἔχβροὶ
1614 1747 1642 1775 οὗ
1654 1747 1784 1784 διαιροῦσι

1015 1795 1049 1823 τὰ
1060 1794 1179 1832 ἐγκώμια
1188 1816 1195 1828 ‚
1208 1794 1276 1822 ἀλλὰ
1290 1793 1458 1821 συνάπτουσι.
1470 1792 1525 1821 Κᾶν
1535 1789 1553 1831 ᾗ
1567 1804 1606 1825 τις
1615 1793 1642 1820 ἐν
1651 1794 1688 1829 τῷ
1699 1791 1784 1830 λέγειν

223 1842 246 1870 si
260 1842 320 1880 quis
335 1840 442 1869 dicendi
459 1840 583 1869 facundia
598 1840 700 1876 valeat,
715 1850 767 1868 non
782 1840 860 1868 illum
879 1840 967 1868 solum
983 1849 1000 1871 c
1015 1841 1138 1879 λάμπων,
1157 1842 1204 1869 οὐκ
1232 1840 1308 1868 αὐτὸν
1325 1839 1516 1877 ἐγκωμιάζουσι
1542 1838 1629 1876 μόνον,
1651 1838 1719 1866 ἀλλὰ
1738 1836 1784 1865 καὶ

223 1886 350 1915 encomiis
363 1886 505 1921 celebrant,
520 1886 566 1915 sed
578 1893 602 1914 et
615 1893 696 1914 totam
713 1885 966 1924 Ecclesiam.Neque

223 1933 294 1961 enim
308 1932 402 1961 dicunt
419 1939 537 1966 tautum,
554 1931 602 1960 Ille
616 1931 747 1959 mirabilis
759 1938 808 1967 est,
824 1931 871 1960 sed
883 1931 966 1970 quid?

224 1978 377 2007 Mirabilem
386 1977 519 2006 doctorem
531 1977 674 2006 Christiani
689 1977 786 2006 habent
797 1989 803 2004 :
813 1983 838 2005 et
847 1988 966 2006 commu-

224 2035 284 2052 nem
291 2024 391 2052 saciunt
398 2024 599 2063 possessionem.
606 2023 688 2061 Atqui
697 2023 784 2052 Graeci
793 2023 900 2062 quidem
910 2034 967 2052 con-

221 2071 348 2110 jungunt,
357 2077 386 2098 tu
398 2081 461 2099 vero
474 2070 587 2106 djvidis‚
601 2077 626 2098 ct
646 2079 708 2098 cum
726 2076 772 2097 tuo
792 2080 900 2108 corpore
921 2080 967 2109 pu-

225 2127 289 2155 gnas
297 2117 401 2154 tuisque
408 2117 535 2145 membris
542 2115 738 2144 adversaris?b⁷
741 2115 815 2148 escis.
821 2116 871 2144 hoc
878 2116 967 2144 omnia

78 2176 199 2195 Mamm.
226 2162 397 2191 subvertere?
426 2173 488 2191 nam
504 2163 649 2200 Regnum,
670 2162 766 2200 inquit,
790 2164 822 2190 in
843 2165 966 2201 seipsum

77 2206 114 2226 23,

227 2207 348 2235 divisum
365 2217 423 2234 non
434 2208 531 2235 stabit.
542 2206 616 2235 Nihil
629 2213 717 2234 autem
730 2207 765 2234 ita
778 2206 877 2235 dividit
888 2213 913 2235 et
926 2217 966 2235 se-

76 2236 218 2294 (ῃςέᾆιζιῐζζῗ
229 2260 315 2293 parat,
328 2260 357 2281 ut
370 2253 472 2281 invidia
486 2260 512 2281 et
525 2252 595 2281 livor
606 2274 613 2289 ,
628 2252 672 2281 hic
687 2252 776 2291 gravis
791 2253 910 2289 morbus,
920 2253 965 2292 qui

77 2299 106 2318 ¹³²
124 2304 148 2319 ¹ss
162 2300 218 2319 invi·
229 2299 301 2327 omni
314 2300 392 2328 venia
405 2299 573 2338 privatur,et
587 2298 718 2326 malorum
729 2298 818 2327 radice
831 2299 966 2338 aliquanto

76 2329 120 2349 dia.

230 2345 337 2384 gravior
348 2352 394 2374 est.
411 2348 516 2373 Avarus
529 2344 600 2373 enim
614 2351 675 2372 tunc
691 2343 805 2382 laetatur,
819 2355 880 2373 cum
894 2356 966 2374 acce·
983 2355 1002 2377 D

230 2392 311 2431 perit3
321 2391 430 2420 invidus
446 2402 508 2420 vero
523 2398 585 2419 tunc
599 2390 706 2430 gaudet,
715 2401 777 2419 cum
787 2391 855 2420 alius
866 2402 916 2420 non
926 2403 966 2420 ac·

228 2437 336 2477 ceperit,
343 2448 394 2466 non
400 2448 461 2466 cum
470 2438 526 2476 ipse
536 2436 678 2476 acceperit:
687 2437 844 2466 beneficium
855 2448 966 2476 namque

229 2496 306 2514 suum
322 2492 398 2525 putat
413 2486 526 2514 aliorum
546 2485 746 2522 adversitatem,
762 2496 815 2514 uon
830 2485 964 2525 propriam

260 2597 272 2614 δ
290 2596 398 2626 [ἅπαντα
413 2597 441 2621 Α.
456 2596 494 2624 Β.,
508 2594 575 2627 quod
591 2595 781 2628 praeferendum*
789 2594 908 2626 videtur.]

1016 1887 1063 1922 τὴν
1075 1886 1237 1921 Ἐκκλησίαν
1250 1885 1364 1914 ἅπασαν.
1379 1884 1449 1913 Οὐδὲ
1471 1883 1522 1923 γάρ
1536 1895 1613 1923 φασιν
1627 1882 1667 1912 ὅτι
1681 1885 1785 1920 θαυμα-

1017 1932 1075 1965 στὸς
1089 1935 1102 1961 ὃ
1117 1933 1187 1960 δεῖνα
1201 1931 1289 1968 μόνον,
1304 1929 1371 1959 ἀλλὰ
1383 1929 1425 1965 τί;
1440 1929 1589 1967 Θαυμαστὸν
1605 1928 1694 1967 ἔχουσι
1708 1928 1783 1957 διδά-

1017 1980 1113 2007 σκαλον
1123 1980 1146 2006 οἱ
1160 1976 1326 2017 Χριστιανοί’
1345 1975 1391 2004 καὶ
1407 1975 1491 2004 κοινὸν
1506 1974 1536 2003 τὸ
1551 1977 1641 2013 κτῆμα
1655 1976 1784 2003 ποιοῦσιν.

1018 2020 1085 2053 Εἶτα
1096 2023 1226 2058 Ἵὶλληνες
1241 2022 1288 2061 μὲν
1307 2022 1482 2056 συνάπτουσι,
1496 2019 1528 2049 σὺ
1550 2020 1578 2049 δὲ
1593 2021 1699 2059 διαιρεῖς
1710 2042 1718 2055 ,
1739 2020 1784 2049 καὶ

1018 2071 1141 2107 πολεμεῖς
1162 2071 1199 2108 τῷ
1223 2070 1317 2097 σαυτοῦ
1333 2067 1436 2105 σώματι
1457 2066 1502 2095 καὶ
1516 2066 1584 2094 κατὰ
1605 2068 1657 2094 τῶν
1680 2065 1784 2094 οἰκείων

1018 2116 1124 2145 ἵσταο-αι
1139 2117 1224 2153 μελῶν
1238 2114 1315 2150 ςΟὐκ
1329 2108 1403 2142 σῖσθα
1413 2135 1421 2148 ,
1435 2112 1475 2141 ὅτι
1488 2115 1564 2140 τοῦτο
1575 2112 1661 2140 πάντα
1675 2110 1784 2149 ἀνατρέ-

1019 2173 1076 2197 πει;
1091 2161 1198 2201 καὶγὰρ
1214 2160 1259 2189 καὶ
1270 2159 1396 2189 Βασιλεία
1407 2181 1414 2194 ,
1433 2158 1519 2198 φησὶν,
1533 2158 1571 2196 ἐφ’
1593 2157 1687 2192 ἑαυτὴν
1706 2168 1784 2196 μερι-

1019 2212 1108 2238 σθεῖσα
1120 2209 1148 2237 οὐ
1165 2207 1332 2242 σταθήσεται.
1347 2204 1431 2234 Οὐδὲν
1446 2205 1472 2233 δὲ
1489 2203 1557 2233 οὕτω
1569 2204 1667 2242 μερίζει
1681 2203 1726 2232 καὶ
1735 2202 1784 2231 διί-

1020 2267 1122 2291 στησιν,
1142 2257 1177 2287 ὡς
1202 2253 1291 2293 φθόνος
1311 2252 1356 2280 καὶ
1374 2251 1521 2290 βασκανία,
1535 2250 1565 2278 τὸ
1578 2249 1693 2289 χαλεπὸν
1707 2252 1784 2277 τοῦτο

1019 2301 1135 2338 νόσημα,
1155 2300 1199 2328 καὶ
1223 2299 1310 2333 πάσης
1330 2297 1540 2335 ἀπεστερημένον
1557 2294 1724 2334 συγγνώμης,
1738 2294 1786 2322 καὶ

1019 2350 1064 2382 τῆς
1079 2349 1130 2375 τῶν
1149 2347 1237 2375 κακῶν
1259 2346 1329 2384 ῥίζης
1343 2343 1412 2372 κατά
1428 2355 1453 2371 τι
1473 2341 1666 2381 χαλεπώτερον.
1683 2341 1716 2369 ‘O
1734 2340 1782 2378 μὲν

1019 2393 1068 2432 γὰρ
1082 2392 1237 2432 φιλάργυρος
1250 2390 1308 2418 τότε
1327 2390 1434 2424 ἥδεται,
1446 2388 1507 2417 ὅταν
1524 2387 1599 2420 αὐτὸς
1618 2385 1687 2425 λάθῃ
1698 2398 1704 2403 ·
1725 2389 1738 2414 ὁ
1754 2386 1782 2415 δὲ

1019 2440 1148 2477 βάσκανος
1158 2437 1216 2466 τότε
1228 2437 1333 2471 ἥδεται,
1343 2435 1405 2464 ὅταν
1417 2433 1503 2472 ἕτερος
1516 2432 1553 2471 μὴ
1565 2432 1633 2471 λάθῃ
1641 2453 1649 2467 ,
1660 2433 1710 2471 οὐχ
1720 2431 1780 2460 ὅταν

1019 2485 1093 2517 αὐτὸς
1104 2483 1189 2522 >den-
1206 2481 1352 2522 εὐεργεσίαν
1366 2480 1417 2519 γὰρ
1438 2478 1535 2508 οἰκείαν
1549 2478 1648 2517 νομίζει
1662 2477 1709 2513 τὴν
1725 2478 1782 2507 ἑτέ-
