1906 2866
578 186 608 207 IN
638 185 742 208 EPIST.
772 187 806 209 Η.

836 187 880 208 AD
908 187 968 209 (3011
978 201 984 207 .

1014 188 1131 211 uomit.
1162 189 1197 211 v.
1599 181 1668 227 545

103 240 228 281 Χριστῷ·
245 242 376 277 τουτέστι,
391 244 434 273 διὰ
449 245 492 273 τὸν
507 245 621 283 Χριστὸν
634 246 679 275 καὶ
693 247 723 276 τὸ
737 247 870 287 κήρυγμα.
890 251 909 275 Ε
925 247 991 276 clari
1015 255 1095 287 atque
1120 249 1237 279 illustres
1262 261 1364 281 sumus.
1397 252 1531 287 Quocirca
1564 260 1669 284 tantum

101 284 227 316 Ἐπειδὰν
249 288 300 327 γὰρ
323 290 496 327 θριαμὲεῧσαι
521 291 580 330 δέῃ,
603 293 704 331 ἀνάγκη
730 299 803 323 πᾶσα
827 296 872 322 καὶ

100 334 171 368 ἡμᾶς
189 332 249 366 τοὺς
269 334 394 373 φέροντας
417 336 447 364 τὸ
468 337 593 375 τρόπαιον
613 340 776 374 καταδήλους
790 336 869 374 εἶναι,

99 378 188 413 ἐπειδὴ
218 380 294 408 αὐτὸν
320 381 493 419 βαστάζομεν.
519 383 571 411 Διὰ
597 387 673 412 τοῦτο
698 385 871 424 περίίλεπτοί

97 425 192 460 ἐσμεν,
207 425 252 453 καὶ
272 432 431 465 περιφανεῖς.
456 428 509 456 Καὶ
523 428 570 464 τὴν
586 430 669 467 ὀσμὴν
683 433 729 466 τῆς
750 431 870 469 γνώσεως

98 471 175 498 αὐτοῦ
189 474 341 510 φανεροῦντι
354 473 386 500 δι’
400 474 476 510 ἡμῶν
491 475 516 502 ἐν
531 475 611 503 παντὶ
624 475 706 515 τόπῳ.

124 1213 191 1245 Ἄνω
215 1210 287 1253 εἶπε,
303 1216 421 1247 Πάντοτε
443 1218 627 1257 θριαμῧεύοντι
638 1241 644 1253 ,
661 1220 772 1247 ἐνταῦθα
783 1242 790 1255 ,
809 1219 854 1248 Ἐν

84 1263 163 1291 παντὶ
177 1263 262 1302 τόπῳ,
279 1264 344 1302 φησί
355 1276 360 1281 ·
376 1263 475 1296 δεικνὺς
493 1265 533 1293 ὅτι
554 1264 598 1293 καὶ
612 1264 691 1297 τόπος
705 1265 750 1293 καὶ
765 1265 855 1304 καιρὸς

83 1313 134 1340 πᾶς
153 1311 204 1337 τῶν
227 1310 311 1338 ἄθλων
327 1310 513 1347 ἐμπέπλησται
528 1312 579 1338 τῶν
597 1312 786 1339 ἀποστολικῶν.
801 1311 853 1340 Καὶ

81 1354 158 1394 ἑτέρα
170 1355 250 1384 πάλιν
264 1355 394 1394 κέχρηται
408 1361 543 1395 μεταφορᾷ
556 1359 587 1394 τῇ
600 1359 647 1391 τῆς
662 1357 777 1390 εὐωδίας.
792 1358 850 1386 Κα-

79 1400 161 1438 θάπερ
174 1400 224 1440 γὰρ
238 1401 319 1440 μύρον
332 1402 516 1439 βαστάζοντες,
529 1402 597 1430 οὕτω
610 1402 690 1430 πᾶσίν
707 1404 784 1439 ἔσμεν
800 1415 848 1431 κα-

859 1434 895 1451 [467

923 294 1033 323 abestut
1045 295 1120 323 luctu
1128 296 1289 334 afficiamur,
1301 305 1330 326 ut
1339 298 1420 327 etiam
1428 299 1598 338 triumphuni
1611 312 1669 330 rem

923 340 1002 369 istam
1019 342 1202 381 appellemus,
1223 351 1303 382 atque
1324 344 1359 372 ob
1379 355 1410 373 ea
1431 356 1489 383 quae
1508 346 1666 385 contingunt

922 389 1078 426 gloriemur.
1094 390 1188 429 quue
1207 392 1313 420 nomine
1327 392 1453 430 dicebat,
1473 394 1594 423 Gratias
1615 405 1667 423 αιι-

922 442 979 464 tem
994 437 1058 464 Deo
1067 459 1076 471 ‚
1094 439 1144 475 qui
1155 448 1267 476 semper
1282 440 1441 478 triumphat
1455 450 1507 468 nos
1515 452 1527 474 ;
1544 439 1595 469 hoc
1609 448 1664 476 est,

921 482 967 520 qui
983 493 1030 511 nos
1043 484 1116 522 apud
1133 495 1223 513 omnes
1235 485 1390 525 splendidos
1401 486 1498 516 reddit.
1508 488 1576 516 Nam
1591 488 1665 526 quod

918 527 1056 557 dedecoris
1070 530 1185 568 speciem
1200 530 1294 567 hahet,
1309 531 1438 560 nimirum
1453 532 1572 571 undique
1585 533 1661 572 pelli,

918 574 969 602 hoc
984 585 1031 603 nos
1047 586 1152 604 summo
1168 576 1263 605 honori
1278 576 1412 605 ducimus.
1428 577 1491 606 Ideo
1504 588 1557 606 non
1568 578 1660 613 dixit,

917 620 972 656 Qui
989 631 1036 649 nos
1051 622 1209 661 conspicuos
1226 623 1327 660 reddit,
1341 623 1400 659 scd,
1415 624 1472 662 Qui
1487 626 1659 664 triumphat.

916 666 977 701 Qua
996 677 1061 694 voce
1072 667 1123 695 hoc
1138 668 1248 703 indicat,
1263 668 1420 707 hujusmodi
1443 670 1661 708 persequutiones

915 711 1016 749 ubique
1029 719 1159 741 terrarum
1170 721 1298 753 perpetua
1312 713 1442 743 adversus
1456 715 1598 744 diabolum
1607 723 1662 744 tro-

915 768 971 796 pzra
984 758 1092 797 erigere.
1110 760 1216 788 Deinde
1229 771 1281 788 una
1294 771 1356 789 cum
1372 771 1418 798 eo,
1435 761 1481 799 qui
1496 761 1658 801 triumphat,

916 814 1024 832 causam
1052 805 1131 834 etiam
1155 806 1286 842 asserens,
1308 806 1372 834 hinc
1396 818 1504 846 quoque
1524 808 1660 837 auditoris

914 849 1035 878 :inimum
1049 851 1139 889 erigit.
1154 852 1215 879 Non
1230 852 1317 888 enim,
1338 852 1439 890 inquit,
1454 864 1468 880 a
1481 854 1538 881 Deo
1553 861 1659 882 tuntum

914 895 941 923 in
958 896 1128 935 triumphum
1142 897 1260 935 agimur,
1273 897 1320 926 sed
1334 898 1414 926 etiam
1425 899 1451 926 in
1468 899 1593 937 Christo,
1608 900 1658 928 hoc

913 948 951 968 est
962 948 1071 980 propter
1080 943 1219 971 Christum
1233 954 1264 971 ae
1274 943 1502 982 praedieationem.
1516 946 1585 973 Nam
1597 956 1659 974 eum

912 986 1079 1025 triumphare
1093 998 1162 1027 opus
1177 989 1210 1017 sit
1223 1000 1228 1016 :
1245 989 1353 1017 omnino
1368 1000 1414 1017 nos
1427 1000 1534 1028 quoque
1548 991 1594 1029 qui
1606 998 1659 1020 tro-

912 1041 1000 1069 paeum
1012 1031 1139 1068 ferimus,
1153 1033 1310 1072 conspicuos
1322 1043 1378 1062 esse
1391 1044 1496 1062 necesse
1508 1041 1561 1071 est,
1573 1046 1659 1073 quan-

911 1076 1060 1114 doquidem
1077 1078 1167 1117 ipsum
1182 1085 1333 1117 gestamus,
1347 1079 1383 1107 ob
1398 1079 1480 1118 idque
1495 1080 1560 1108 clari
1574 1092 1605 1110 ac
1619 1092 1659 1110 ce-

910 1123 995 1152 lebres
1008 1135 1110 1153 sumus.
1127 1126 1168 1153 Et
1192 1126 1308 1153 odorem
1324 1128 1436 1154 notitia.»
1451 1137 1511 1155 511oe
1533 1129 1659 1167 manife-

910 1177 969 1198 stac
980 1181 1034 1208 per
1045 1181 1096 1198 nos
1107 1173 1138 1198 in
1151 1173 1232 1198 omni
1244 1171 1317 1199 ἷοεο.

950 1218 978 1243 2.
1001 1216 1133 1254 Superius
1158 1215 1249 1252 dixit,
1265 1216 1382 1254 Semper
1397 1218 1578 1256 triumphat,-
1594 1219 1654 1254 hic,

908 1263 946 1289 In
960 1264 1041 1289 omni
1053 1262 1117 1290 loco
1127 1285 1136 1297 ‚
1154 1262 1243 1300 inquit
1259 1273 1266 1288 t
1282 1262 1352 1290 illud
1367 1262 1497 1292 nimirum
1513 1264 1637 1294 indicans
1647 1289 1655 1302 ‚

908 1317 956 1336 nec
965 1307 1054 1335 locum
1066 1318 1114 1336 nec
1124 1315 1232 1347 tempus
1245 1308 1333 1336 ullum
1347 1319 1415 1345 esse,
1429 1309 1500 1347 quod
1516 1321 1568 1339 non
1588 1323 1658 1351 apo—

905 1353 1005 1382 stolicis
1023 1354 1216 1383 certaminibus
1237 1356 1379 1394 lmpletum
1396 1355 1439 1383 sit.
1461 1357 1548 1394 Atque
1576 1358 1658 1387 altera

904 1410 997 1428 rursus
1010 1400 1166 1440 metaphora
1175 1401 1261 1429 utitur
1271 1424 1280 1439 ,
1292 1412 1307 1429 a
1325 1401 1402 1429 suavi
1418 1401 1499 1430 odore
1518 1403 1607 1432 dueta.
1620 1406 1658 1433 Ut

76 1445 198 1482 τάδηλοι,
214 1447 297 1485 φησί·
315 1447 396 1486 μύρον
416 1447 559 1485 πολύτιμον
574 1447 622 1482 τὴν
636 1450 731 1486 γνῶσιν
751 1448 845 1486 λέγων.
867 1462 886 1483 A
901 1445 973 1474 enim
996 1446 1044 1484 qui
1068 1454 1235 1486 unguentum
1257 1454 1381 1486 gestant,
1404 1447 1514 1486 inquit,
1538 1450 1577 1478 sic
1591 1460 1656 1479 cun-

77 1492 130 1521 Καὶ
150 1494 196 1521 οὐκ
213 1496 285 1529 εἰπε,
304 1493 352 1528 τὴν
367 1495 480 1531 γνῶσιν,
496 1495 554 1522 ἀλλ’
565 1515 572 1527 ,
589 1493 695 1531 Ὀσμὴν
715 1494 846 1532 γνώσεως.

76 1539 200 1567 Τοιοῦτον
221 1539 273 1578 γὰρ
287 1541 303 1574 ἡ
319 1542 440 1578 παροῦσα
455 1542 567 1578 γνῶσις,
583 1541 611 1567 οὐ
627 1540 725 1578 σφόδρα
744 1541 846 1579 σαφὴς,

74 1584 132 1613 οὐδὲ
147 1584 375 1622 ἐκκεκαλυμμένη.
391 1585 440 1613 Διὸ
453 1585 499 1613 καὶ
522 1586 548 1612 ἐν
568 1588 600 1623 τῇ
619 1585 734 1625 προτέρα
758 1585 844 1623 ἔλεγεν

74 1631 215 1668 ἐπιστολῇ,
233 1631 370 1667 Βλέπομεν
391 1630 443 1669 γὰρ
463 1630 523 1668 ἄρτι
544 1631 576 1658 δι’
597 1631 723 1670 ἐσόπτρου
738 1633 764 1659 ἐν
779 1632 845 1660 aivi<

72 1687 155 1713 γματι
166 1699 172 1711 ,
187 1676 232 1704 καὶ
246 1678 355 1704 ἐνταῦθα
370 1676 455 1713 ὀσμὴν
470 1676 517 1704 “τὸ
530 1680 645 1705 τοιοῦτον
664 1678 745 1717 μύρον
759 1678 843 1706 καλεῖ.

72 1722 106 1751 ‘0
119 1723 145 1750 δὲ
167 1722 215 1756 τὴν
229 1723 315 1760 ὀσμὴν
327 1723 416 1757 εἰδὼς,
429 1723 470 1752 ὅτι
482 1723 530 1761 μέν
545 1725 600 1752 ε’στι
615 1723 695 1762 μύρον
713 1736 763 1752 που
785 1724 843 1753 κεί-

72 1780 148 1806 μενον
166 1764 232 1804 οἶδε,
249 1769 368 1798 ποταπὸν
388 1769 415 1798 δὲ
430 1770 477 1805 τὴν
499 1769 602 1804 οὐσίαν,
625 1769 725 1805 οὐκέτι,
741 1770 785 1798 ἐὰν
806 1770 842 1808 μὴ

70 1815 196 1853 πρότερον
210 1815 273 1844 αὐτὸ
285 1815 360 1847 εἰδὼς
378 1816 456 1855 τύχῃ.
475 1816 555 1844 Οὕτω
569 1816 614 1844 καὶ
628 1818 719 1853 ἡμεῖς,
734 1816 775 1845 ὅτι
795 1816 842 1854 μέν

69 1862 125 1889 ἐστι
139 1861 207 1894 Θεὸς
227 1860 320 1899 ἴσμεν,
333 1861 358 1889 τί
380 1861 406 1890 δὲ
431 1861 478 1896 τὴν
500 1861 588 1890 οὐσίαν
599 1884 606 1897 ,
625 1861 721 1890 οὐκέτι.
737 1861 842 1902 ‘'D-emp

68 1902 112 1934 οἶν
127 1907 298 1946 θυμιατήριόν
308 1908 387 1945 ἐσμεν
401 1908 549 1946 βασιλικὸν,
560 1908 624 1936 ὅπου
642 1908 672 1936 ἂν
686 1908 842 1946 ἀπέλθωμεν

67 1955 112 1981 τοῦ
132 1953 252 1991 οὐρανίου
268 1953 388 1986 πνέοντες
404 1953 486 1994 μύρου
498 1977 505 1990 ,
520 1954 566 1983 καὶ
589 1956 636 1989 τῆς
660 1957 841 1992 πνευματικῆς

68 1999 186 2031 εὐωδίας.
200 2001 293 2028 Ταῦτα
313 1999 341 2028 δὲ
355 2000 458 2038 ἔλεγεν,
472 2002 537 2038 ὁμοῦ
552 1999 596 2028 καὶ
609 2003 654 2029 τοῦ
673 2001 841 2040 κηρύγματος

67 2044 167 2078 δεικνὺς
187 2045 236 2080 τὴν
259 2044 349 2084 ἰσχὺν,
365 2046 405 2074 ὅτι
430 2046 462 2074 δι’
487 2042 523 2074 ὧν
546 2045 761 2075 ἐπιδουλεύονται
772 2070 779 2083 ,
797 2048 840 2076 διὰ

65 2089 163 2118 τούτων
178 2090 313 2128 λάμπουσι
328 2092 427 2129 μᾶλλον
441 2094 493 2120 τῶν
507 2091 654 2120 διωκόντων
671 2092 763 2124 αὐτοὺς
772 2116 779 2128 ,
794 2093 839 2121 καὶ

64 2141 152 2164 πᾶσαν
179 2136 226 2172 τὴν
249 2137 403 2175 οἰκουμένην
429 2137 594 2166 *ποιούντων
619 2137 714 2166 εἰδέναι
739 2138 783 2166 καὶ
805 2138 838 2166 τὰ

63 2182 178 2222 τρόπαια
192 2185 276 2212 αὐτῶν
288 2182 332 2211 καὶ
346 2183 394 2218 τὴν
406 2183 526 2219 εὐωδίαν,
539 2183 583 2212 καὶ
598 2185 759 2223 παρακαλῶν
773 2183 837 2223 ὑπὲρ

62 2231 114 2257 τῶν
130 2228 184 2257 OM!
193 2241 241 2258 εων
254 2229 346 2263 αὐτοὺς
361 2230 407 2258 καὶ
417 2233 469 2259 τῶν
484 2231 653 2268 πειρασμῶν,
667 2229 736 2257 ὥστε
749 2230 837 2258 πάντα

63 2275 150 2314 φέρειν
161 2275 298 2314 γενναίως,
309 2275 371 2315 εἴγε
387 2276 432 2304 καὶ
445 2276 496 2316 πρὸ
509 2279 556 2311 τῆς
568 2275 723 2308 ἀντιδόσεως
736 2276 834 2315 ἄφατον

63 2324 226 2360 καρποῦνται
239 2322 270 2351 τὸ
283 2322 366 2354 κλέος.
382 2322 446 2351 ςὈτι
456 2323 573 2361 Χριστοῦ
588 2321 682 2351 εὐωδία
701 2322 781 2360 ἐσμὲν
796 2324 834 2361 τῷ

61 2368 124 2406 Θεῷ
144 2370 170 2396 ἐν
190 2372 244 2401 τοῖς
265 2368 440 2406 σωζομένοις,
454 2369 499 2398 καὶ
514 2371 540 2398 ἐν
558 2373 612 2401 τοῖς
631 2369 833 2406 ἀπολλυμένοις.

863 1963 878 1985 Β

901 1492 950 1521 ctis
967 1493 1019 1532 ipsi
1041 1494 1179 1533 conspicui
1197 1505 1305 1531 sumus;
1324 1494 1473 1533 pretiosum
1486 1504 1655 1534 unguentum

900 1539 950 1567 Dei
977 1540 1157 1577 cognitionem
1173 1551 1277 1569 vocans.
1303 1541 1358 1569 Nec
1379 1540 1471 1577 dixit,
1498 1543 1652 1581 Notitiam,

899 1583 958 1619 sed,
974 1585 1099 1615 Odorem
1109 1587 1230 1613 notitioe.
1244 1585 1388 1624 Ejusmodi
1398 1586 1469 1614 enim
1480 1594 1518 1615 cst
1534 1598 1652 1626 prensens

899 1629 1035 1668 cognitio,
1062 1630 1114 1658 hoc
1138 1637 1193 1667 est,
1215 1641 1268 1659 non
1292 1631 1441 1660 admodum
1461 1633 1601 1672 perspicua
1627 1641 1652 1663 et

898 1683 1022 1704 reserata.
1048 1677 1092 1705 Ob
1108 1676 1138 1705 id
1153 1684 1209 1705 tum
1231 1677 1256 1705 in
1274 1677 1365 1716 priore
1385 1678 1498 1716 epistola
1522 1679 1645 1718 dicebat,

900 1723 1037 1751 Videmus
1062 1734 1139 1752 nunc
1166 1734 1219 1762 per
1238 1724 1385 1762 speculum
1410 1727 1441 1752 in
1466 1728 1643 1765 oerzignzate;
1658 1740 1678 1755 ι.
1693 1734 1746 1756 Cor.
1764 1734 1799 1757 13.

897 1773 977 1804 atque
1001 1767 1046 1796 hic
1069 1767 1179 1795 odorem
1196 1767 1247 1795 hoc
1267 1775 1435 1805 unguentum
1454 1777 1542 1798 vocat.
1560 1771 1644 1801 Porro
1658 1772 1694 1787 ¹²·

897 1812 943 1850 qui
960 1812 1071 1841 odorem
1085 1813 1181 1848 sensit,
1196 1812 1265 1841 illud
1285 1813 1396 1851 quidem
1407 1815 1505 1851 novit,
1521 1827 1645 1855 unguen-

897 1865 954 1887 tum
969 1859 1070 1887 alicubi
1085 1859 1224 1888 conditum
1236 1870 1307 1897 esse;
1322 1867 1349 1889 at
1363 1861 1515 1900 cujusmodi
1531 1870 1645 1900 naturae,

897 1915 949 1933 non
974 1905 1037 1933 item
1047 1927 1054 1941 ‚
1080 1905 1132 1934 nisi
1161 1905 1237 1944 prius
1259 1905 1288 1934 id
1315 1914 1486 1946 perspectum
1509 1908 1644 1939 habuerit.

897 1950 1000 1979 Eodem
1017 1961 1064 1979 nos
1079 1962 1185 1990 quoque
1202 1951 1281 1980 modo
1300 1952 1372 1990 quod
1387 1953 1421 1981 sit
1433 1954 1520 1990 Deus,
1533 1955 1644 1991 seimus;

895 1997 1024 2036 quidnam
1038 2005 1128 2026 autem
1142 2005 1237 2027 natura
1252 1999 1305 2036 sit,
1320 2009 1372 2027 non
1388 1999 1460 2028 item.
1471 2001 1566 2039 Itaque
1579 2009 1644 2030 tam-

893 2055 975 2082 quam
989 2045 1162 2073 thuribulum
1173 2046 1277 2084 regium
1290 2056 1396 2083 sumus,
1408 2047 1510 2076 caeleste
1522 2059 1643 2087 unguen—

893 2097 962 2127 tum,
977 2102 1008 2119 ac
1019 2091 1188 2131 spiritualem
1198 2092 1384 2130 fragrantiam,
1400 2104 1510 2132 quoquo
1521 2096 1641 2133 gentium

892 2147 1048 2176 pergamus,
1060 2137 1219 2168 redolenteS.
1234 2139 1297 2167 Haec
1309 2146 1397 2168 autem
1410 2140 1530 2176 dicebat,
1543 2142 1641 2180 partim

893 2189 922 2210 ut
943 2183 1104 2221 evangelicae
1128 2184 1327 2223 praedieationis
1351 2185 1408 2213 vim
1431 2185 1639 2225 demonstraret,

892 2239 987 2268 nempe
1002 2229 1073 2267 quod
1088 2241 1136 2269 per
1150 2240 1209 2266 eos,
1223 2242 1238 2259 a
1252 2231 1350 2269 quihus
1364 2231 1468 2259 insidiet·
1480 2232 1546 2271 ipsis
1559 2243 1637 2272 para-

892 2282 993 2312 rentur,
1020 2276 1107 2315 magis
1132 2276 1265 2305 elucerent
1276 2300 1283 2313 ,
1306 2277 1372 2306 dum
1392 2277 1516 2307 videlicet
1543 2290 1636 2308 eorum

890 2329 1095 2360 persequutores
1118 2322 1169 2351 hoc
1191 2324 1324 2361 facerent,
1347 2331 1376 2352 ut
1398 2324 1540 2353 universus
1563 2326 1636 2355 orbis

891 2376 949 2398 tum
964 2380 1056 2398 eorum
1078 2377 1186 2410 tropaea,
1208 2379 1267 2400 tum
1291 2371 1381 2401 odoris
1404 2373 1565 2401 suavitatem
1583 2384 1634 2402 ex—

59 2412 104 2442 Ἄν
119 2426 147 2442 τε
158 2414 209 2454 γὰρ
222 2414 337 2450 σώζηταί
348 2428 396 2450 τις,
413 2415 502 2454 φησιν,
521 2414 550 2443 ἄν
564 2427 593 2443 τε
608 2415 788 2451 ἀπολλύῃ-ται,
804 2415 835 2444 τὸ
853 2423 870 2445 C
891 2416 1023 2455 ploratum
1039 2417 1164 2455 haberet;
1180 2419 1279 2458 partim
1293 2419 1371 2448 etiam
1387 2426 1417 2448 ut
1438 2430 1481 2448 cos
1497 2419 1532 2448 ad
1544 2431 1634 2449 omues

92 2522 101 2533 ¹
118 2515 165 2540 MS.
175 2520 201 2541 το
213 2521 312 2541 τοιοῦτον
322 2519 404 2550 μύρον.
419 2518 449 2541 In
463 2516 543 2541 Editis
556 2517 590 2548 [et
602 2517 643 2548 Α.]
655 2518 726 2550 μύρον
737 2515 815 2540 deest.

59 2555 87 2577 Iu
101 2553 254 2580 (joistininno
266 2556 311 2579 Ms.
327 2555 368 2580 hic
381 2555 475 2588 aliquot
493 2556 550 2581 folia
564 2555 647 2580 ablata
667 2557 741 2581 fuerat.

901 2517 913 2529 '⁴‘
933 2517 1025 2550 [Savil.
1039 2519 1104 2550 conj.
1117 2520 1222 2550 micha]
