1880 2866
81 711 119 740 3⁴·

79 1160 96 1174 ι.
110 1153 216 1183 (ὐν,9.9.

76 2023 130 2044 Lm·-
194 2023 207 2045 5

78 2062 100 2082 7.
113 2053 135 2075 6.

85 682 170 720 λζηιιΙι.
187 689 222 710 ²7-

236 157 305 203 998

238 231 274 258 Et
284 229 413 257 οςΙαιιιΙει
423 230 507 256 ‘vobis
518 227 698 256 coenaculmn
712 233 836 254 stratum
847 237 854 253 :
871 233 896 255 el
909 227 971 255 illic

236 271 318 296 nobis
337 274 441 306 parate
463 268 583 305 pascha.
612 267 679 300 Quis
702 266 736 294 sit
755 266 834 294 hoino
860 266 907 304 qui
922 267 971 294 sort

235 309 357 346 lagenam
369 318 456 344 aquae,
480 317 538 344 quae
548 306 642 334 civitas
655 305 689 333 ad
700 316 781 343 quam
797 305 856 333 illos
869 305 969 340 mittit,

235 347 307 384 quod
324 347 489 374 coenaculum
502 352 614 373 stratum
624 368 631 379 ,
646 355 750 373 necesse
762 351 799 372 est
812 351 840 372 ut
858 355 906 372 vos
925 355 971 372 ex-

237 387 370 425 plorantes
383 385 515 414 ediscatis.
528 385 614 412 Homo
629 385 673 422 qui
690 385 738 412 fort
754 384 874 422 lagonam
887 394 971 420 aquar.

237 433 275 454 est
284 426 400 454 Joanues
413 435 560 464 praecursor
571 424 683 457 Christi,
700 424 860 450 anmiiitiaiis
870 424 972 456 jesum,

236 465 283 502 qui
305 465 425 503 lagonam
447 463 565 502 corporis
581 463 662 491 nostri
686 462 775 490 induit
796 461 881 498 etqui
897 461 924 488 in
945 471 973 488 se

236 515 333 542 aquam
352 504 520 543 baptismatis
536 503 626 530 habet.
643 501 817 529 Coeuacultun
828 511 891 528 voro
902 507 973 527 stra-

237 551 294 571 tum
317 543 382 572 dicit
399 549 551 571 sanctorum
575 541 693 578 requiem
716 541 741 568 in
760 540 831 567 mulis
853 539 972 566 suturam

236 590 295 621 post
307 582 533 611 resurrectionem.
549 583 593 608 Ite
608 583 639 607 ιή
650 581 727 607 hanc
742 580 904 611 civitatem,
920 588 971 605 non

236 623 262 650 in
275 629 390 650 veterem
403 621 559 651 Judmorum
573 628 748 658 synagogam,
770 618 815 644 ubi
833 624 908 644 vetus
928 617 972 645 lex

236 662 263 690 in
277 662 412 690 veteribus
428 661 532 688 utribus
546 658 622 686 acida
636 658 703 685 sacta
715 663 769 684 est:
782 663 885 684 acc-tuin
901 656 971 684 enim

235 711 297 729 cum
312 701 372 729 selle
388 700 525 728 miscentes
549 697 704 725 obtulerunt
719 696 852 731 Domin03
870 695 915 723 sed
937 696 971 723 ite

236 741 262 768 in
278 751 375 768 novam
390 739 525 766 civitatem
537 759 544 771 ,
570 737 597 764 in
616 746 714 764 novam
733 735 881 764 Jerusalem
893 757 900 769 ‚
924 735 970 763 ubi

236 790 335 808 novum
347 778 472 811 verbum,
485 776 529 804 ubi
546 786 615 803 nova
630 774 748 812 Spiritus
760 774 843 811 gratia
858 775 884 801 in
894 775 971 802 novis

235 819 348 852 utribus,
363 824 388 845 et
403 816 466 844 fidei
484 822 603 843 mustum
618 814 728 842 scaturit
742 825 747 840 ε
766 824 816 841 uon
836 812 882 841 ubi
894 820 970 842 vetus

232 858 330 896 paseha
342 880 349 892 ‚
366 855 410 884 sed
428 856 473 883 ubi
488 865 555 883 nova
568 853 739 887 resin-recum
760 863 811 880 uon
826 853 874 880 ubi
885 863 970 891 agnus

232 897 405 931 immolatur,
425 895 471 923 sed
494 894 541 922 ubi
556 893 681 921 Christus
704 892 826 927 reditnit;
845 902 896 920 non
922 892 970 920 uhi

232 943 310 964 vetus
321 937 481 965 fermentum
492 956 498 967 ,
512 933 557 961 sed
572 932 618 960 ubi
633 931 744 960 caelestis
760 931 835 970 panis
851 931 877 959 in
893 942 970 959 cruce

232 981 440 1004 consummatur.
453 975 542 1012 Cujus
555 974 630 1000 enim
643 977 799 1010 operantur
811 971 909 998 decem
921 972 967 1008 ju-

229 1025 268 1052 ga
285 1016 385 1049 boum,
406 1014 496 1051 faciet
513 1013 647 1050 lagenam
664 1021 763 1038 unam.
786 1010 839 1038 Ubi
855 1020 968 1048 operan-

230 1060 275 1082 tur
283 1053 374 1082 decem
386 1053 451 1091 juga
464 1053 557 1085 boum,
569 1060 664 1089 nempe
675 1049 857 1088 apostolorum
871 1048 968 1084 (bobus

230 1094 301 1121 enim
316 1099 506 1130 comparantur
517 1090 631 1128 apostoli
644 1111 651 1125 ‚
673 1096 702 1116 nt
717 1089 785 1117 mihi
810 1089 968 1117 testificatur

230 1133 329 1160 Paulus
345 1132 453 1160 dicens:
470 1131 612 1168 Scriptum
628 1135 668 1156 est
687 1129 716 1156 ιἰι
728 1129 798 1166 lege,
813 1129 880 1156 Άόη
898 1128 969 1155 alli-

227 1173 311 1210 gabis
325 1182 355 1199 os
366 1172 431 1199 hovi
443 1171 602 1197 trituranti.
612 1168 762 1206 Numquid
774 1169 851 1195 enim
866 1168 901 1195 de
917 1168 967 1195 bo-

230 1213 282 1239 bus
293 1221 363 1239 cura
378 1216 419 1238 est
435 1210 498 1237 Deo
508 1212 519 1236 Ρ
530 1208 576 1236 sed
593 1214 700 1246 propter
711 1217 758 1235 nos
773 1206 801 1234 id
814 1206 903 1240 dicio:
920 1206 966 1234 ubi

228 1261 292 1289 ergo
312 1255 456 1288 operantur
477 1248 534 1276 hsce
555 1247 647 1275 decem
666 1247 731 1285 juga
749 1246 846 1281 boum,
867 1245 967 1273 faciunt

228 1290 418 1318 consessionem
442 1288 468 1315 in
489 1289 601 1320 Jesum,
630 1286 676 1323 qui
705 1286 825 1322 lagenam
848 1285 967 1323 corporis

949 167 1079 190 spuma.

1022 228 1065 255 τὸν
1079 228 1107 255 τὸ
1123 227 1250 264 ἡμέτερον
1263 226 1415 265 ὀστράκινον
1429 228 1472 254 τοῦ
1489 226 1612 264 σώματος
1624 231 1713 260 σκεῦος
1724 230 1794 257 ἐνδυ-

1023 267 1145 303 σάμενον.
1157 266 1222 293 ςὈτι
1239 264 1265 292 δὲ
1288 265 1412 303 κεράμιον
1440 265 1510 303 λέγει
1532 267 1578 301 τὴν
1600 267 1725 305 ἔνσαρκον
1751 271 1796 295 τοῦ

1024 306 1138 344 λριστῡῦ
1154 304 1294 341 ἐπιδημίαν
1309 307 1322 332 6
1339 307 1405 336 θεῖος
1420 305 1494 342 λόγος
1506 328 1512 338 ,
1528 305 1616 334 ἄκουε.
1631 305 1699 335 ΠΟτε
1714 306 1796 343 ἔμελ-

1023 344 1066 371 λεν
1082 343 1244 381 ἀπέρχεσθαι
1259 344 1302 371 ἐπὶ
1319 344 1348 371 τὸ
1364 346 1465 378 παθεῖν,
1480 344 1598 382 λέγουσιν
1615 347 1686 373 αὐτῶ
1699 347 1722 373 οἱ
1740 357 1794 382 μα-

1025 382 1101 416 θηταὶ
1122 383 1214 410 αὐτοῦ·
1232 383 1288 410 Ποῦ
1312 383 1393 415 θέλεις
1414 385 1531 420 ποιῶμεν
1547 384 1576 411 τὸ
1590 375 1702 422 adamim
1718 384 1752 412 ‘O
1768 384 1795 412 δὲ

1026 422 1089 459 πρὸς
1102 421 1193 453 αὐτοὺς
1202 442 1208 453 ,
1224 421 1349 450 ἀπέλθετε
1362 424 1398 454 εἰς
1411 423 1488 457 τήνδε
1499 422 1546 457 τὴν
1556 423 1641 457 πόλιν,
1654 417 1698 451 καὶ
1712 425 1796 451 ἀπαν-

1024 461 1099 494 τήσει
1113 462 1174 497 ὑμῖν
1189 460 1322 499 ἄνθρωπος
1337 461 1463 498 κεράμιον
1481 461 1572 494 ὕδατος
1587 463 1733 499 βαστάζων,
1750 463 1794 490 καὶ

1025 499 1115 527 εἴπατε
1131 501 1214 537 αὐτῷ,
1230 501 1242 526 6
1262 499 1415 531 διδάσκαλος
1426 503 1501 537 ἡμῶν
1518 496 1589 535 εἷπε,
1604 501 1667 538 πρὸς
1683 502 1711 529 σὲ
1727 504 1795 529 ποιῶ

1024 539 1054 566 τὸ
1067 539 1167 577 πάσχα.
1181 538 1233 566 Καὶ
1249 538 1325 570 δείξει
1345 541 1405 576 ὑμῖν
1422 538 1534 577 ἀνώγεον
1554 540 1728 578 ἐστρωμένον,
1750 541 1795 569 καὶ

1024 579 1078 605 ἐκεῖ
1098 580 1160 614 ἡμῖν
1179 577 1338 615 ἑτοιμάσατε
1363 579 1392 606 τὸ
1406 578 1507 617 πάσχα.
1521 578 1569 610 Τίς
1586 580 1612 609 δέ
1632 581 1701 607 ἐστιν
1716 581 1729 607 ὁ
1745 580 1793 607 ἄν-

1025 619 1126 655 θρωπος
1137 619 1149 644 6
1162 616 1246 655 φέρων
1259 618 1288 645 τὸ
1300 617 1423 656 κεράμιον
1438 621 1482 645 τοῦ
1495 617 1586 649 ὕδατος
1597 640 1604 653 ,
1616 617 1632 651 ἢ
1644 617 1681 649 τίς
1693 621 1708 652 ἡ
1721 618 1795 651 πόλις

1025 658 1060 687 εἰς
1082 657 1112 690 ἣν
1126 655 1218 687 αὐτοὺς
1232 656 1331 693 πέμπει
1344 678 1350 688 ,
1366 656 1383 691 ἢ
1400 656 1425 684 τί
1440 657 1469 684 τὸ
1483 656 1595 694 ἀνώγεον
1609 657 1639 684 τὸ
1660 658 1794 695 ἐστρωμέ-

1025 707 1076 730 νον,
1094 698 1233 732 ἀναγκαῖον
1250 695 1413 730 ζητήσαντας
1430 698 1496 732 ὑμᾶς
1510 698 1682 733 καταμαθεῖν.
1697 695 1731 725 Ὁ
1748 697 1795 724 ἄν-

1024 736 1126 772 θρωπος
1138 736 1150 762 6
1165 734 1299 771 βαστάζων
1313 735 1342 762 τὺ
1355 734 1478 774 κεράμιον
1493 739 1538 763 τοῦ
1549 735 1640 767 ὕδατος
1650 758 1658 770 ,
1671 734 1794 770 Ἰωάννης

1024 773 1092 801 ἐστὶν
1105 776 1118 802 ὁ
1130 773 1277 813 πρόδρομος
1288 777 1333 802 τοῦ
1346 774 1469 811 Χριστοῦ,
1485 774 1669 812 καταγγέλλων
1684 775 1727 802 τὸν
1739 776 1794 810 Ἴη-

1024 815 1083 840 σοῦν
1097 813 1140 841 τὸν
1154 813 1183 840 τὸ
1198 813 1324 851 ἡμέτερον
1340 813 1465 851 κεράμιον
1479 816 1523 841 τοῦ
1541 813 1662 848 σώματος
1681 814 1792 842 ἐνδυσά-

1024 863 1112 888 μενον,
1135 852 1229 891 ἔχοντα
1245 854 1270 880 ἐν
1291 853 1376 890 ἑαυτῷ
1400 852 1430 880 τὸ
1449 854 1493 880 τοῦ
1517 852 1698 890 βαπτίσματος
1712 852 1791 891 ὕδωρ.

1024 891 1154 929 Ἀνώγεων
1180 891 1208 919 δὲ
1223 891 1384 929 ἐστρωμένον
1398 891 1446 925 τὴν
1469 892 1503 922 εἷς
1518 891 1640 930 οὐρανοὺς
1664 891 1730 928 μετὰ
1744 891 1791 926 τὴν

1022 930 1165 959 ἀνάστασιν
1173 935 1226 963 τοῖς
1237 931 1319 967 ἁγίοις
1327 931 1471 959 ἀνάπαυσιν
1482 931 1608 968 ἐσομένην
1614 930 1694 968 λέγει.
1703 931 1792 959 Ἀπέλ-

1022 972 1078 998 Οετε
1094 972 1129 1001 εἰς
1145 970 1222 1004 τήνδε
1237 970 1285 1004 τὴν
1302 969 1378 998 πόλιν
1389 980 1395 986 ·
1411 969 1447 1006 μὴ
1465 970 1499 1002 εἷς
1519 969 1567 1004 τὴν
1581 969 1697 997 παλαιὰν
1710 981 1790 998 συνα-

1020 1009 1108 1047 γωγὴν
1131 1011 1182 1037 τῶν
1195 1009 1339 1042 Ἰουδαίων,
1361 1008 1425 1036 ὅπου
1440 1010 1453 1036 ὁ
1468 1009 1578 1041 παλαιὸς
1598 1008 1676 1046 νόμος
1691 1010 1716 1037 ἐν
1737 1013 1790 1042 τοῖς

1021 1050 1142 1080 παλαιοῖς
1161 1050 1248 1080 ἀσκοῖς
1261 1047 1353 1080 ὤξισεν
1363 1059 1369 1064 “
1391 1047 1446 1080 ὄξος
1465 1048 1516 1086 γὰρ
1528 1048 1574 1076 σὺν
1588 1049 1654 1086 ’χολῇ
1671 1047 1790 1085 μίξαντες

1020 1087 1202 1126 προσήνεγκαν
1213 1090 1250 1126 τῷ
1264 1087 1365 1125 Κυρίῳ·
1378 1088 1434 1115 ἀλλ’
1447 1087 1573 1115 ἀπέλθετε
1585 1082 1620 1118 εἷς
1634 1087 1681 1121 τὴν
1696 1087 1789 1121 καινὴν

1020 1128 1106 1161 πόλιν,
1122 1129 1157 1159 εἰς
1175 1127 1222 1161 τὴν
1239 1126 1299 1155 νέαν
1316 1126 1504 1165 Ἰερουσαλὴμ,
1525 1126 1587 1154 ὅπου
1604 1128 1617 1154 6
1631 1125 1686 1157 νέος
1700 1126 1789 1164 λόγος,

1020 1166 1084 1194 ὅπου
1100 1169 1116 1201 ἧ
1134 1166 1210 1201 καινὴ
1234 1168 1278 1194 τοῦ
1305 1165 1458 1202 Πνεύματος
1479 1164 1556 1203 χάρις
1576 1166 1601 1192 ἐν
1615 1169 1668 1197 τοῖς
1693 1169 1791 1198 καινοῖς

1020 1207 1109 1237 ἀσκοῖς
1122 1206 1151 1234 τὸ
1167 1207 1215 1239 τῆς
1228 1205 1342 1236 πίστεως
1355 1206 1462 1240 γλεῦκος
1475 1203 1588 1242 πηγάζει
1598 1215 1604 1221 ·
1622 1205 1669 1242 οὐχ
1684 1203 1748 1232 ὅπου
1760 1204 1790 1233 τὸ

1019 1245 1131 1273 παλαιὸν
1151 1244 1259 1283 πάσχα,
1274 1245 1332 1272 ἀλλ’
1356 1243 1420 1272 ὅπου
1436 1246 1452 1277 ἡ
1467 1243 1544 1278 καινὴ
1568 1242 1709 1275 ἀνάστασις
1719 1255 1724 1260 ·
1740 1245 1786 1281 οὐχ

1019 1284 1082 1312 ὅπου
1098 1286 1110 1311 ὁ
1124 1285 1204 1320 ἀμνὸς
1225 1283 1312 1311 θύεται
1325 1305 1332 1315 ,
1354 1283 1412 1310 ἀλλ’
1427 1282 1491 1311 ὅπου
1512 1285 1525 1310 6
1548 1282 1660 1320 Χριστὸς
1684 1277 1790 1320 ῥύεταιῖ

228 1329 310 1357 nostri
325 1328 424 1356 induit.
444 1327 479 1355 Et
490 1326 536 1364 qui
551 1325 663 1353 seminat
677 1325 784 1352 artabas
799 1334 863 1357 sex,
888 1324 1009 1353 sacietsso
1019 1324 1068 1361 οὐχ
1079 1323 1143 1351 ὅπου
1158 1326 1174 1357 ἠ
1190 1322 1292 1350 παλαιὰ
1306 1322 1372 1358 ζύμη
1383 1344 1390 1355 ‚
1405 1323 1464 1349 ἀλλ’
1476 1322 1539 1350 ὅπου
1554 1323 1567 1349 ὁ
1582 1321 1698 1359 οὐράνιος
1712 1321 1789 1359 ἄρτος

228 1375 331 1396 tantum
356 1376 493 1395 mensuras
513 1372 574 1393 tres.
598 1367 638 1392 An
656 1370 727 1391 tanta
743 1370 818 1391 terrae
840 1362 966 1391 sterilitas
982 1364 1000 1384 Α
1018 1363 1061 1390 ἐπὶ
1076 1365 1187 1400 σταυροῦ
1199 1363 1351 1389 τελειοῦται.
1370 1356 1410 1389 05
1424 1360 1475 1398 γὰρ
1488 1362 1616 1398 ἐργῶνται
1633 1360 1695 1388 δέκα
1709 1360 1787 1398 ζεύγη

1404 1400 1408 1409 J

227 1408 279 1435 suit
294 1417 432 1443 umquam,
447 1411 475 1432 ut
489 1415 523 1432 ex
538 1404 601 1431 satis
611 1402 712 1431 ariahis
730 1413 775 1430 sex
794 1409 845 1430 tres
857 1412 965 1430 mensu-

229 1457 264 1474 ra·
280 1445 439 1485 prodirent?
454 1443 507 1472 Sed
517 1443 663 1480 Scripturae
673 1448 787 1469 mentem
795 1452 964 1478 quaeramus,

227 1485 335 1521 dilecti,
351 1485 481 1512 intremus
492 1483 518 1510 in
532 1481 643 1510 interius
660 1481 743 1508 literae
756 1480 846 1508 velum
857 1502 864 1515 ‚
883 1487 908 1508 et
920 1491 965 1508 oc-

228 1532 316 1552 curret
329 1524 406 1552 nobis
427 1522 520 1551 divina
536 1521 654 1559 Spiritus
675 1519 798 1557 cognitio.
815 1519 870 1554 Qui
884 1519 963 1547 semi-

228 1571 272 1592 nat
287 1563 393 1591 artabas
408 1573 464 1595 sex,
477 1561 554 1589 faciet
569 1567 622 1588 tres
632 1569 779 1587 mensuras
798 1559 852 1587 Sex
865 1558 964 1586 artaba}

227 1609 288 1631 sunt
301 1604 406 1631 Novum
417 1602 631 1635 Testamentum5
644 1598 670 1626 id
682 1605 719 1626 est
728 1620 735 1632 ,
749 1605 864 1635 quatuor
878 1599 964 1626 Evan-

228 1642 339 1680 gelistae‚
358 1643 437 1675 Acta,
453 1647 477 1668 et
491 1639 675 1678 apostolorum
694 1637 832 1676 Epistolae.
849 1636 902 1671 Qui
916 1636 965 1665 lias

227 1692 274 1709 sex
288 1681 395 1709 artabas
409 1679 521 1708 seminat
531 1678 557 1706 in
571 1678 658 1706 anima
674 1676 816 1715 quapiam,
832 1676 896 1704 facit
911 1683 963 1704 tres

225 1731 380 1755 mensuras,
403 1718 593 1748 consessionem
615 1717 641 1745 in
657 1717 760 1744 Patrem
780 1722 804 1744 ct
824 1715 924 1743 Filium
939 1722 964 1743 et

227 1760 359 1798 Spiritum
371 1765 499 1787 sanctum.
512 1758 595 1786 Exiit
606 1758 655 1795 qui
664 1757 787 1784 seminat
802 1757 963 1787 seminare,-

228 1810 279 1827 non
295 1800 458 1827 frumentum
478 1797 504 1825 in
519 1807 616 1835 panem
632 1802 750 1829 vertens,
765 1794 811 1822 sed
826 1794 907 1822 fidem
923 1795 964 1822 vi—

227 1839 355 1873 vificans;
377 1848 429 1865 non
454 1836 586 1865 hordeum
612 1835 744 1863 seminans
766 1834 800 1862 ad
822 1834 963 1861 brutorum

228 1888 329 1910 escam,
351 1876 396 1905 sed
414 1886 486 1904 escas
499 1875 534 1903 ad
550 1874 691 1902 hominum
703 1873 889 1912 spi1·ati0nem;
913 1882 963 1900 non

229 1916 336 1944 milium
350 1926 399 1954 pro
410 1915 506 1943 avibus
518 1936 525 1950 ,
544 1913 591 1941 sed
603 1912 729 1940 divinum
745 1911 858 1939 verbum
869 1934 876 1945 ,
896 1911 963 1948 igni-

228 1962 285 1983 tum
297 1978 303 1988 ‚
320 1965 402 1993 grano
420 1954 520 1992 sinapis
543 1952 646 1984 simile⁷
669 1950 703 1978 ad
721 1951 845 1989 pictatem
859 1957 885 1978 et
899 1961 965 1987 pru-

229 1994 347 2023 dentiam
360 1994 462 2021 animas
476 1999 578 2020 nostras
594 1991 709 2019 multum
719 1989 871 2018 accendens.
883 1990 965 2017 Eat-iic

213 2036 281 2072 'qui
304 2036 429 2062 seminat
444 2034 606 2063 seminare;
630 2036 657 2058 et
672 2029 734 2057 alia
758 2029 873 2067 quidem
894 2030 967 2056 ceci-

231 2075 299 2101 dere
320 2083 400 2101 secus
419 2074 515 2106 viam,
530 2077 557 2098 et
572 2069 746 2098 conculcata
760 2074 827 2096 sunt
840 2091 847 2101 ,
871 2074 898 2096 et
916 2078 967 2095 ‘ve-

232 2115 342 2141 nientes
355 2112 489 2139 volucres
504 2110 569 2139 caeli
577 2131 584 2143 ‚
603 2108 789 2137 comederunt
812 2107 867 2135 illa
881 2118 888 2134 :
906 2107 968 2134 alia

230 2153 396 2180 ceciderunt
420 2153 497 2179 inter
510 2151 630 2187 spinas,
657 2157 721 2186 quae
744 2147 967 2184 suffocaverunt

229 2193 360 2230 germina
370 2212 378 2227 ,
397 2191 460 2218 alia
474 2189 639 2218 ceciderunt
654 2197 742 2225 supra
757 2192 889 2224 petrosa,
903 2196 967 2224 quae

232 2238 297 2258 orta
311 2232 411 2258 statim
428 2231 577 2257 exsiccata
586 2233 665 2255 sunt.
677 2228 746 2262 Quae
760 2224 912 2253 ceciderunt
927 2234 967 2252 se-

232 2280 277 2298 cus
290 2270 363 2298 viam
385 2275 447 2297 sunt
459 2267 564 2301 A1·iani;
577 2276 635 2303 quae
651 2265 719 2293 inter
741 2264 831 2302 spinas
843 2287 850 2300 ‚
875 2264 967 2292 Euno-

232 2309 330 2343 miani;
355 2318 413 2345 quae
430 2317 511 2346 supra
530 2312 649 2344 petrosa,
672 2303 878 2332 Marathoniam.
905 2303 967 2331 Haec

230 2355 353 2376 accurate
363 2347 459 2379 discas„
471 2346 575 2374 dilecte,
591 2345 675 2372 Exiit
688 2345 738 2382 qui
748 2345 873 2372 seminat
887 2344 967 2370 semi—

233 2399 318 2422 nare;
333 2393 360 2415 et
376 2387 438 2415 teila
453 2385 580 2413 cecidere
595 2393 676 2412 secus
687 2385 788 2415 viam;
804 2392 856 2410 non
875 2381 965 2415 dixit,

231 2428 261 2455 In
282 2428 341 2463 via,
363 2426 428 2462 sed,
451 2425 536 2454 secus
557 2425 650 2451 viam.
675 2424 742 2458 Quae
766 2428 806 2449 est
829 2421 890 2458 via,
913 2420 964 2448 nisi

259 2556 267 2565 ν’
287 2548 375 2577 [Fort.
389 2550 495 2578 yzwfzytrsn
508 2549 530 2567 ‘¹1
545 2546 599 2568 ὥττε
613 2541 759 2575 σπείραντι]

1019 1403 1098 1438 βοῶν,
1122 1401 1227 1434 ποιήσει
1253 1400 1378 1437 κεράμιον
1394 1402 1429 1428 ἐν.
1449 1399 1537 1428 ‘'O-stou
1556 1398 1707 1438 ἐργάζονται
1725 1399 1788 1428 δέκα

1018 1440 1093 1474 ζεύγη
1116 1442 1192 1477 βοῶν,
1206 1442 1258 1468 τῶν
1274 1439 1426 1467 ἀποστόλων
1442 1441 1450 1473 (
1462 1439 1534 1475 βουσὶ
1548 1439 1599 1476 γὰρ
1612 1437 1787 1475 ὡμοιώθησαν

1018 1480 1041 1506 οἱ
1057 1479 1215 1509 ἀπόστολοι,
1232 1481 1267 1510 ὡς
1282 1479 1386 1509 Παῦλος
1407 1478 1464 1514 ἐμοὶ
1480 1481 1608 1525 μαρτυρεῖ
1620 1477 1703 1514 λέγων
1715 1488 1721 1494 ·
1739 1477 1787 1506 Γέ-

1017 1529 1148 1557 γραπται,
1165 1517 1252 1556 φησὶν,
1267 1519 1293 1544 ἐν
1305 1518 1342 1555 τῷ
1356 1516 1427 1556 νόμῳ
1439 1539 1445 1550 ,
1465 1518 1492 1545 οὐ
1508 1527 1635 1554 φιμωσεις
1652 1517 1711 1553 βοῦν
1725 1517 1788 1544 ἀλο-

1017 1559 1095 1584 ῶντα,
1112 1557 1157 1591 Μὴ
1171 1557 1230 1595 γὰρ,
1244 1556 1322 1595 φησὶ,
1336 1559 1388 1596 τιῒὲν
1402 1558 1470 1593 βοῶν
1484 1555 1557 1592 μέλει
1571 1557 1608 1593 τῷ
1619 1556 1681 1593 Θεῷ
1691 1567 1698 1590 ;
1709 1554 1788 1583 Ἀλλὰ

1019 1597 1049 1624 δι’
1066 1598 1136 1634 ἡμᾶς
1149 1596 1248 1634 λέγει)’
1265 1595 1329 1623 ὅπου
1348 1598 1391 1623 οὖν
1412 1594 1564 1632 ἐργάζονται
1584 1597 1667 1622 ταῦτα
1680 1593 1713 1622 τὰ
1725 1594 1788 1622 δέκα

1018 1636 1093 1673 ζεύγη
1110 1637 1162 1663 τῶν
1182 1637 1258 1673 βοῶν,
1278 1638 1380 1663 ποιοῦσι
1395 1634 1442 1668 τὴν
1460 1635 1496 1666 εἷς
1511 1633 1554 1662 τὸν
1569 1634 1673 1668 Ἰησοῦν
1688 1634 1788 1671 ὁμολο-

1016 1676 1085 1713 γίαν,
1095 1675 1124 1703 τὸ
1135 1674 1259 1714 κεράμιον
1270 1676 1314 1701 τοῦ
1324 1673 1444 1711 σώματος
1454 1675 1529 1711 ἡμῶν
1543 1672 1722 1710 ἐνδυσάμενον.
1736 1673 1788 1701 Καὶ

1016 1717 1030 1743 ὁ
1053 1714 1167 1752 σπείρων
1189 1713 1307 1753 <ipa-&5012
1329 1713 1371 1748 ἓξ,
1388 1713 1493 1747 ποιήσει
1515 1712 1592 1749 μόνον
1617 1711 1701 1750 μέτρα
1715 1711 1786 1762 ττρία.

1016 1749 1082 1791 Ἆρα
1093 1753 1205 1787 τοσαύτη
1223 1753 1319 1790 ἀφορία
1333 1755 1343 1766 ³
1352 1754 1474 1790 γεωργῶν
1485 1751 1575 1789 γέγονε
1586 1751 1693 1779 πώποτε
1701 1773 1709 1786 ,
1720 1763 1788 1779 ωστε

1018 1795 1151 1832 σπαρῆναι
1176 1792 1292 1831 ἀρτάὲας
1313 1791 1357 1824 ἓξ,
1378 1794 1488 1825 ποιησαι
1505 1790 1582 1827 μόνον
1603 1790 1686 1828 μέτρα
1709 1790 1786 1829 τρία;

1020 1832 1100 1860 Ἀλλὰ
1124 1832 1279 1868 ζητήσωμεν
1296 1831 1339 1858 τὸν
1355 1833 1414 1858 νοῦν
1429 1832 1477 1864 τ’ἧς
1497 1831 1621 1868 Γραφῆς,
1647 1829 1789 1866 ἀγαπητοὶ,

1017 1871 1174 1907 εἰσέλθωμεν
1189 1872 1225 1902 εἷς
1238 1869 1267 1897 τὸ
1281 1869 1411 1908 ἐνδότερον
1428 1868 1622 1906 καταπέτασμα
1643 1870 1688 1895 τοῦ
1702 1867 1786 1906 γράμ-

1019 1921 1115 1947 ματος,
1142 1909 1186 1937 καὶ
1201 1909 1346 1942 ἀπαντήσει
1368 1910 1432 1944 ἡμῖν
1449 1911 1464 1942 ἠ
1487 1907 1543 1935 θεία
1564 1910 1608 1935 τοῦ
1633 1906 1788 1944 Πνεύματος

1018 1950 1120 1995 γνῶσις.
1137 1948 1170 1976 ‘O
1183 1947 1296 1986 σπείρων
1309 1946 1424 1985 ἀρτάὸας
1437 1946 1464 1978 ἓξ
1475 1969 1482 1981 ,
1497 1945 1601 1980 ποιήσει
1618 1945 1700 1993 μέτρα
1716 1945 1786 1983 τρία.

1019 1987 1071 2020 ιΕΞ
1095 1987 1209 2026 ἀρτάόαι
1233 1986 1298 2014 εἰσὶν
1319 1989 1336 2020 ἡ
1355 1985 1432 2019 καινὴ
1448 1985 1584 2019 Διαθήκη·
1599 1996 1741 2018 τουτεστιν,
1764 1987 1787 2013 οἱ

1018 2027 1144 2064 τέσσαρες
1160 2026 1342 2064 εὖαγγελισταί
1353 2048 1359 2059 ,
1379 2026 1423 2053 καὶ
1436 2024 1563 2062 Πράξεις,
1579 2022 1623 2051 καὶ
1637 2023 1786 2052 ἀπόστολοι.

1019 2066 1125 2098 Ταύτας
1139 2065 1185 2098 τὰς
1200 2065 1226 2097 ἓξ
1241 2064 1357 2102 ἀρτάῧας
1368 2066 1381 2092 6
1395 2064 1503 2102 σπείρας
1517 2063 1542 2091 ἕν
1554 2075 1605 2091 τινι
1616 2064 1688 2101 ψυχῇ
1698 2085 1705 2098 ,
1718 2067 1787 2091 ποιεῖ

1019 2105 1051 2133 τὰ
1069 2106 1127 2144 τρία
1142 2105 1240 2143 μέτρα,
1255 2104 1302 2138 τὴν
1327 2105 1362 2135 εἰς
1378 2103 1487 2141 Πατέρα
1504 2102 1548 2131 καὶ
1568 2101 1631 2131 Υἱὸν
1651 2101 1696 2130 καὶ
1715 2101 1788 2140 ἅγιον

1021 2146 1131 2182 Πνεῦμα
1146 2143 1295 2181 ὁμολογίαν.
1306 2143 1430 2176 Ἐξῆλθεν
1442 2144 1455 2170 6
1470 2140 1582 2179 σπείρων
1599 2143 1644 2169 τοῦ
1664 2144 1769 2179 σπεῖραι
1779 2163 1787 2175 ,

1019 2186 1047 2212 οὐ
1062 2189 1131 2212 σῖτον
1149 2185 1306 2222 ἀρτοποιῶν,
1331 2181 1398 2210 ἀλλὰ
1412 2181 1499 2209 πίστιν
1515 2182 1646 2213 ζωοποιῶν
1660 2191 1666 2197 ’
1684 2180 1712 2208 οὐ
1731 2191 1788 2219 κρι-

1020 2223 1065 2255 θὰς
1085 2225 1119 2254 εἷς
1134 2223 1180 2254 τὰς
1192 2224 1243 2250 τῶν
1261 2222 1361 2259 ἀλόγων
1378 2220 1489 2258 τροφὰς,
1507 2219 1575 2248 ἀλλὰ
1586 2218 1682 2257 τροφὰς
1696 2220 1731 2251 εἰς
1742 2220 1788 2251 τὰς

1020 2265 1070 2290 τῶν
1082 2262 1225 2301 ἀνθρώπων
1237 2262 1250 2275 *
1259 2260 1339 2292 πνοάς
1350 2272 1355 2277 ·
1372 2261 1399 2288 οὐ
1412 2259 1478 2298 κέγχ
1481 2270 1522 2299 ρον
1533 2258 1709 2298 ὀρνεοτρόφον,
1720 2258 1788 2286 ἀλλὰ

1020 2305 1086 2330 θεῖον
1101 2301 1186 2339 λόγον,
1205 2300 1338 2339 διάπυρον,
1350 2299 1438 2337 κόκκῳ
1451 2298 1579 2330 σινάπεως
1595 2297 1787 2336 παρεικαζόμε-

1019 2353 1071 2376 νον,
1086 2341 1203 2379 σφοδρῶς
1216 2340 1280 2377 πρὸς
1295 2338 1428 2367 εὐσέέειαν
1440 2338 1485 2366 καὶ
1498 2337 1621 2376 φρόνησιν
1636 2335 1682 2368 τὰς
1702 2335 1787 2374 ψυχὰς

1018 2382 1093 2417 ἡμῶν
1105 2377 1447 2417 ἐκθερμαίνοντα.Ἐξῆλθεν
1460 2379 1473 2404 6
1485 2377 1597 2415 σπείρων
1609 2377 1654 2403 τοῦ
1667 2379 1786 2413 σπεῖραι·

1017 2420 1062 2448 καὶ
1077 2419 1092 2447 ἃ
1106 2419 1152 2456 μὲν
1169 2418 1246 2446 ἔπεσε
1257 2416 1330 2455 παρὰ
1341 2417 1387 2451 τὴν
1404 2416 1471 2451 ὁδὸν,
1483 2416 1528 2444 καὶ
1540 2414 1709 2449 κατεπατήθη
1721 2436 1728 2449 ,
1741 2414 1786 2442 καὶ

1062 2541 1071 2551 “
1092 2541 1174 2571 [πνοάς
1185 2544 1330 2568 corruptum
1344 2535 1462 2565 wdetun]
