1906 2866
117 1038 124 1052 ι
132 1048 136 1052 .
151 1031 203 1053 Cor.
219 1032 253 1053 lss.

115 1070 139 1091 9.

116 1398 200 1426 Fplues.
211 1399 234 1421 6-

119 1435 156 1450 21·
171 1436 208 1450 22-

276 169 340 202 500
599 183 628 205 s.
658 183 796 206 sommis
822 183 1002 206 cnm'sosr.

272 252 344 276 mur,
356 251 404 270 vos
414 241 523 281 perinde
537 242 632 272 doletis
646 255 676 273 ac
693 245 714 273 si
730 245 781 284 ipsi
798 255 856 273 cam
871 244 1011 273 subiretis:

273 289 311 317 sic
325 300 377 318 non
391 289 548 319 dubitamus
560 313 567 327 ,
583 291 646 329 quin
659 314 666 327 ‚
690 303 750 320 cum
768 293 892 321 solatium
909 291 1015 329 accipi-

273 346 350 371 mus,
362 346 409 364 vos
421 347 450 364 eo
465 336 518 364 frui
530 337 698 366 existimetis.
714 337 786 372 Quid
800 338 849 365 hoc
863 337 951 365 animo
963 336 1013 363 Iin-

272 358 363 409 militis
378 381 441 420 fingi
454 382 557 420 possit:
573 383 672 422 quippe
683 384 727 421 qui
744 383 868 421 pcriculis
884 389 918 409 ta.
919 389 954 409 ito
970 392 1014 409 eos

269 427 411 456 intervallo
424 439 570 467 supe1ans,
586 429 670 457 socios
690 437 777 457 tamen
799 440 842 456 cos
865 435 951 461 ν’,οςιι
966 427 1058 465 quita-30
1068 419 1148 458 Εἶτα,
1171 426 1204 453 ἐπ
1205 425 1259 460 ειὲὴ

1030 463 1049 484 Λ
1065 468 1155 496 λοιπὸν
1167 481 1211 497 και
1222 482 1287 498 τον
1275 470 1363 506 τόπον,
1377 473 1437 500 καθ’
1447 472 1474 501 ὃν
1486 475 1569 501 ταῦτα
1579 473 1715 510 ὑπέμενον·
1726 474 1766 502 Οὐ
1780 473 1831 513 γὰρ

269 483 302 500 ne
313 473 455 501 minimam
473 473 581 512 quidem
598 484 689 501 corum
709 480 810 512 paitcin
826 473 1010 507 sustinebam

269 517 296 546 in
305 519 482 547 consolatione
494 526 581 547 autem
594 519 747 546 universam
760 518 824 556 ipsis
834 528 950 553 causam,
959 528 1011 546 non

270 565 326 593 suis
338 565 476 594 laboribus
488 565 625 593 adscribit.
640 565 743 593 Deinde
761 565 886 602 quoniam
899 565 931 593 de
944 565 1011 593 affli-

269 610 403 639 ctionibus
414 612 557 647 :veneratim
569 610 799 648 loquebatur-‚jam
809 610 898 638 locum
906 621 1011 649 quoque

271 663 376 691 narrat,
386 656 412 683 in
424 667 476 693 qno
485 655 540 682 haee
551 666 595 693 pei
597 665 686 693 pessus
695 655 739 683 sit.
752 654 779 683 8.
791 656 859 689 Non
869 657 945 683 enim
957 666 1011 684 vo-

269 701 363 729 lumus
382 712 403 728 1
406 711 435 729 ω·
461 703 595 739 ignorare
603 722 610 736 ,
622 701 753 739 jratres,
770 701 806 729 de
825 701 1012 730 tribulatione

268 752 366 773 nostra
376 756 438 783 ‹lim›
447 747 533 783 sacta
545 751 586 772 est
595 746 677 774 nobis
686 747 716 773 in
728 746 814 773 Asia.
826 745 901 780 Haec,
914 745 1010 784 inquit,

267 790 366 818 idcirco
389 791 503 819 dicimus
516 812 523 824 ‚
547 800 580 818 ne
598 801 627 818 ea
636 813 642 825 ‚
665 802 723 829 quae
747 791 822 819 nobis
841 791 1008 828 acciderunt,

266 836 401 873 ignoretis.
414 835 554 874 Siquidem
563 846 652 864 rerum
663 843 814 865 nostrarum
824 843 922 865 statum
933 838 1009 866 vobis

265 882 434 920 exploratum
448 893 502 911 esse
516 882 639 921 cupimus
649 905 657 919 ,
672 889 751 921 atque
762 882 790 911 id
803 893 908 911 summo
919 884 1009 913 studio

265 939 408 957 curamus:
426 928 496 968 quod
513 929 621 967 quidem
640 930 791 958 maximum
808 937 846 958 est
860 929 1009 960 dilectionis

266 985 462 1016 argumentum.
478 977 534 1007 Hoc
550 985 640 1006 autem
652 978 679 1006 in
694 978 829 1017 superiore
838 989 943 1017 quoque
953 979 1009 1018 epi-

265 1024 330 1051 stola
346 1023 389 1052 his
407 1023 495 1052 verbis
515 1025 589 1063 prius
604 1023 788 1062 significarat:
804 1026 915 1052 Ostium
936 1026 1009 1053 mihi

265 1076 397 1107 apertum
415 1076 457 1097 est
473 1080 609 1108 magnum
626 1076 653 1098 et
671 1070 801 1103 evidens,
821 1076 849 1097 et
871 1070 1008 1098 adversa-

265 1117 302 1143 rii
319 1117 404 1144 multi
418 1117 536 1154 Ephesi.
554 1116 615 1144 Haec
630 1116 712 1155 igitur
731 1116 757 1144 in
773 1116 929 1144 memoriam
943 1117 1008 1156 ipsis

265 1160 388 1199 redigens
397 1183 404 1196 ‚
423 1168 501 1199 atque
514 1172 648 1200 exponens
659 1172 718 1199 quae
735 1161 853 1190 subierat
862 1183 869 1197 ‚
889 1162 943 1199 ait,
956 1163 1010 1191 No-

265 1205 291 1232 lo
315 1207 390 1234 vobis
406 1206 523 1244 ignotam
537 1217 592 1234 esse
606 1206 779 1234 afflictionem
791 1217 848 1234 eam
863 1217 921 1244 quae
940 1207 1009 1235 mihi

266 1251 294 1279 in
306 1252 368 1280 Asia
378 1252 497 1289 contigit.
510 1251 590 1288 Quod
601 1252 681 1280 etiam
692 1252 794 1290 ipsum,
805 1262 866 1280 cum
876 1252 911 1280 ad
923 1252 1009 1291 Ephe-

266 1299 319 1327 sios
330 1298 471 1334 scriberet,
483 1297 598 1326 dicebat.
607 1298 675 1326 Nam
686 1308 747 1325 cum
758 1297 911 1336 Tychicum
921 1298 956 1326 ad
965 1309 1008 1327 eos

270 1344 395 1380 misisset,
409 1344 478 1372 hanc
490 1344 540 1383 ipsi
553 1343 721 1383 profectionis
732 1354 838 1371 causam
849 1344 928 1373 fuisse
939 1356 1008 1373 com-

268 1396 414 1417 memorat:
435 1388 546 1426 ideoque
560 1389 676 1417 dicebat:
695 1390 731 1417 Ut
749 1396 846 1418 autem
867 1392 966 1419 sciatis
980 1397 1009 1419 et

268 1446 322 1464 vos
343 1446 406 1474 quoe
423 1437 502 1463 circa
517 1446 562 1463 me
578 1441 662 1469 sunt,
679 1436 889 1474 q1c1'dsaciam‚
910 1439 1009 1464 omnia

267 1484 351 1510 vohis
365 1483 534 1521 nota—saciet
558 1483 718 1517 Tychicus,
738 1483 1010 1521 carissimussrater

265 1534 294 1555 et
305 1528 404 1566 fidelis
420 1529 551 1555 minister
570 1529 601 1554 in
620 1528 766 1555 Domino.-
780 1538 864 1565 quem
885 1530 952 1556 misi
970 1529 1010 1556 ad

265 1583 320 1600 vos
334 1574 365 1599 in
386 1573 440 1600 hoc
462 1574 572 1610 ipsum,
595 1578 625 1599 ut
648 1574 829 1610 cognoscatis
848 1583 912 1610 quoe
930 1575 1009 1601 circa

266 1629 317 1647 uos
333 1625 415 1652 sunt,
430 1624 458 1646 et
477 1618 641 1646 consoletur
656 1618 745 1645 corda
766 1624 878 1646 vestra.
900 1618 931 1646 In
949 1618 1009 1647 aliis

265 1675 370 1702 quoque
390 1663 508 1702 epistolis
530 1663 582 1691 hoc
603 1663 692 1702 ipsum
716 1662 787 1691 facit.
805 1663 898 1701 *Neque
917 1663 947 1692 id
966 1675 1009 1692 su-

265 1720 457 1749 pervacaneum
469 1716 516 1745 est,
529 1708 573 1737 sed
585 1719 711 1747 perquam
723 1707 803 1736 etiam
814 1709 989 1738 necessarium
1001 1721 1008 1737 ε

266 1756 363 1794 partim
377 1756 411 1783 ob
424 1755 557 1793 ingentem
571 1754 706 1782 caritatem
721 1765 772 1792 qua
786 1753 933 1793 discipulos
946 1766 1008 1794 pro-

265 1801 541 1839 sequebatur,partim
552 1800 585 1828 ob
598 1800 719 1828 assiduas
734 1800 899 1835 tentationes,
910 1801 936 1828 in
948 1801 1008 1839 qui-

264 1846 316 1874 bus
336 1855 479 1884 permagna
497 1845 639 1873 consolatio
659 1851 713 1872 erat
733 1851 897 1883 compertum
911 1845 1010 1874 habere

265 1901 380 1929 quonam
400 1898 470 1919 statu
491 1898 604 1927 utraque
618 1901 651 1918 ex
666 1897 740 1928 parte
760 1900 800 1917 res
813 1900 839 1918 se
858 1890 985 1919 haberent
1000 1904 1006 1922 z

265 1947 317 1975 quo
337 1937 466 1964 nimirum
478 1959 485 1972 ,
502 1936 524 1963 si
543 1935 629 1963 tristes
650 1942 674 1963 ct
692 1935 792 1963 acerbae
805 1942 888 1963 essent
899 1959 906 1971 ,
919 1936 954 1964 ad
966 1947 1008 1965 eas

265 1982 434 2021 perferendas
445 1993 472 2010 se
483 1987 667 2020 compararent
677 2003 684 2017 ,
697 1987 777 2018 atque
789 1980 816 2009 in
829 1981 1008 2011 sollicitudine

266 2028 448 2066 cautioresque
464 2034 565 2061 essent;
580 2027 621 2054 sin
635 2034 723 2055 autem
738 2027 804 2055 laetae
819 2038 849 2055 ac
859 2028 986 2066 jucunda:
996 2052 1004 2067 ,

267 2073 349 2102 simul
364 2073 520 2112 gauderent.
543 2073 674 2101 Caeterum
691 2072 742 2100 hoc
763 2073 821 2101 loco
841 2082 865 2101 et
883 2075 1007 2103 tentatio-

267 2129 332 2147 num
347 2119 523 2147 invectionem
536 2141 543 2154 ,
562 2124 586 2146 et
601 2128 653 2155 quo
668 2124 743 2156 pacto
758 2117 800 2146 liis
814 2118 941 2148 liberatus
956 2121 1004 2155 sit,

268 2164 349 2193 simul
367 2165 484 2204 exponit.
503 2165 647 2202 Quoniam
667 2174 755 2201 snpra
771 2165 886 2192 modum
901 2176 1006 2204 grava-

268 2213 290 2239 ti
310 2221 408 2239 sumus
432 2220 519 2249 supra
538 2212 695 2241 ‘virtutem;
715 2220 766 2237 non
789 2220 864 2238 secus
883 2210 1009 2240 videlicet

266 2267 296 2284 ac
311 2255 386 2284 navis
398 2255 499 2293 aliqua,
510 2265 570 2292 quae
591 2254 665 2292 gravi
677 2254 793 2291 quodam
805 2265 882 2283 onere
900 2255 1008 2285 demer-

267 2303 347 2340 gitur.
364 2303 451 2339 Atque
471 2311 550 2329 unam
574 2300 684 2338 quidem
704 2307 729 2328 et
746 2300 867 2328 eamdem
888 2312 943 2330 rem
966 2302 1008 2330 his

267 2348 356 2376 verbis
370 2347 516 2385 intelligere
530 2346 651 2383 videtur,
667 2356 728 2374 cum
744 2345 826 2380 dixit,
844 2347 936 2385 Supra
949 2359 1008 2376 mo-

267 2394 350 2428 dum,
368 2400 407 2428 et,
423 2393 516 2431 Supra
530 2394 690 2424 virtutem;
705 2401 758 2420 non
775 2398 862 2420 tameu
880 2403 931 2420 una
949 2401 987 2422 cst
998 2416 1006 2431 ‚

268 2440 315 2468 scd
335 2439 404 2468 duze.
419 2438 527 2468 Etenim
542 2449 575 2467 ne
589 2437 649 2476 quis
668 2438 758 2474 dicat,
776 2438 851 2473 Quid
871 2439 959 2475 enim,
985 2441 1006 2469 si

303 2541 311 2550 π
331 2532 369 2564 [Α.
385 2531 462 2563 aem]

1034 184 1174 206 AsscmEt‘
1182 200 1188 205 .
1217 184 1472 208 CONSTANTINOP
1479 201 1485 207 .

1071 255 1113 282 ρον
1138 247 1184 278 τῆς
1204 245 1303 282 ψυχῆς
1317 244 1344 277 ὃς
1365 246 1392 273 ἐν
1413 245 1459 282 μὲν
1483 249 1537 278 τοῖς
1561 247 1687 280 κινδύνοις
1712 251 1832 278 τοσοῦτον

1069 290 1240 323 πλεονεκτῶν,
1253 289 1390 323 κοινωνοὺς
1403 292 1477 319 καλεῖ
1496 290 1554 323 τοὺς
1569 291 1627 320 οὐδὲ
1643 292 1673 320 τὸ
1691 294 1833 323 πολλοστὸν

1068 335 1152 361 αὐτῶν
1165 334 1340 371 ὑπομένοντας
1350 347 1356 352 ·
1371 337 1396 363 ἐν
1412 335 1438 363 δὲ
1453 338 1485 375 τῇ
1501 338 1666 375 παρακλήσει
1681 338 1728 373 τὴν
1749 339 1833 368 αἰτίαν

1067 379 1172 407 ἅπασαν
1196 379 1302 412 ἐκεινοις
1326 380 1470 419 λογιζεται,
1496 383 1524 410 οὐ
1546 387 1598 415 τοῖς
1617 383 1720 416 οἰκείοις
1738 384 1833 417 πόνοις.

1280 425 1341 464 ,spi
1360 426 1471 465 θὶίψεων
1492 427 1645 467 ἀδιορίστως
1661 428 1751 465 ἔὶεγε,
1763 429 1833 486 λέγει

1065 514 1122 541 ’οέ
1101 525 1192 552 Λομεν
1214 516 1282 552 ὑμᾶς
1304 517 1412 554 ἀγνοεῖν,
1435 517 1554 556 ἀδελφοι,
1573 518 1633 557 περὶ
1657 520 1704 553 τ’ἦς
1722 518 1833 558 θλίὼεως

1064 560 1139 596 ἡμῶν
1155 563 1202 594 τῆς
1213 560 1354 598 γενομένης
1367 563 1430 599 ἡμῖν
1445 564 1471 591 ἐν
1485 565 1517 602 τῇ
1534 563 1618 603 Ἀσίᾳ.
1637 565 1730 593 Ταῦτα
1746 548 1776 592 δὲΙ
1787 564 1832 593 λε’-

1064 616 1152 642 γομεν,
1166 606 1253 643 φησιν,
1267 605 1310 634 ἵνα
1323 605 1358 643 μὴ
1377 608 1487 644 ἀγνοῆτε
1495 608 1529 636 τὰ
1539 609 1676 646 συμὸάντα
1688 611 1761 646 ἡμῖν.
1777 609 1830 637 Καὶ

1063 649 1113 688 γὰρ
1131 650 1277 687 βουλόμεθα
1291 652 1359 688 ὑμᾶς
1373 652 1468 680 εἰδέναι
1480 652 1513 681 τὰ
1524 653 1654 692 ἡμέτερα,
1668 653 1713 682 καὶ
1732 653 1830 693 σφόδρα

1063 699 1139 723 τοῦτο
1153 696 1352 733 ἐσπουδάκαμεν
1362 708 1368 714 ·
1384 697 1448 737 ὅπερ
1463 698 1585 736 μέγιστον
1602 699 1707 738 ἀγάπης
1720 699 1828 737 σημεῖόν

1063 742 1127 770 ἐστι.
1141 742 1225 770 Τοῦτο
1237 741 1263 769 δὲ
1279 742 1324 770 καὶ
1346 743 1372 770 ἐν
1387 745 1419 780 τῇ
1432 744 1547 783 προτέρᾳ
1564 740 1596 779 ἦν
1620 745 1743 783 ἐπιστολῇ
1763 755 1830 784 προ-

1064 786 1196 823 μηνύσας,
1211 787 1256 815 καὶ
1270 786 1361 823 εἰπὼν,
1378 787 1418 816 ὅτι
1433 788 1509 827 Θύρα
1524 790 1574 843 γάρ
1595 801 1639 828 μοι
1661 789 1759 830 ἀνέῳγε
1783 801 1830 828 με·

1061 832 1130 868 γάλη
1145 843 1190 859 και
1205 831 1323 870 ἐνεργὴς,
1341 844 1386 861 και
1401 835 1424 862 οἱ
1439 835 1612 872 ἀντικείμενοι
1632 835 1742 871 πολλοὶ,
1755 836 1782 864 ἐν
1796 838 1829 874 τῆ

1062 875 1175 915 Ἐφέσια.
1191 876 1265 905 'Em'
1257 890 1316 905 ινων
1328 880 1371 905 οὖν
1385 878 1475 911 αὐτους
1487 880 1703 917 ἀναμιμνήσκων,
1718 891 1762 908 και
1774 881 1831 916 διη-

1061 922 1142 960 γούμε
1144 933 1187 954 νος
1206 923 1254 951 ὅσα
1276 922 1356 951 ἔπαθε
1372 924 1490 962 ,φησίν-
1503 926 1543 953 Οὐ
1563 925 1654 954 θέλω
1643 930 1713 963 υμᾶς
1728 927 1829 964 ἀγνοεῖν

1061 967 1127 1006 ὑπὲρ
1143 970 1190 1001 τ’ἧς
1207 968 1317 1007 θλίψεως
1333 972 1379 1004 τῆς
1392 970 1532 1007 γενομένης
1554 973 1618 1009 ἡμῖν
1639 973 1666 1000 ἐν
1689 973 1722 1010 τῇ
1747 971 1829 1011 Ἀσίᾳ.

1062 1013 1183 1040 Τοῦτο
1169 1013 1195 1041 οὲ
1213 1014 1257 1041 καὶ
1277 1013 1408 1052 'Esse-iore
1429 1016 1588 1045 ἐπιστέλλων
1603 1016 1690 1055 ἔλεγε·
1713 1017 1829 1056 Τυχικὸν

1060 1057 1112 1097 γὰρ
1127 1059 1285 1091 ἀποστείλας
1299 1060 1363 1099 πρὸς
1374 1072 1479 1096 αυτούς,
1490 1061 1588 1096 ταύτην
1603 1061 1652 1100 ἔφη
1669 1063 1715 1096 τ’ἥς
1726 1062 1830 1097 ἀποδη-

1062 1103 1123 1140 μίας
1141 1099 1267 1139 εἶναιτὴν
1285 1105 1371 1133 αἰτίαν
1386 1107 1472 1134 αὐτῶ·
1496 1107 1535 1136 διὸ
1553 1119 1597 1135 και
1617 1107 1713 1145 ἔλεγεν,
1729 1107 1786 1136 Ἵνα
1801 1107 1829 1136 δὲ

1061 1150 1146 1183 εἶδ’ἦτ
1136 1167 1147 1177 ;
1166 1161 1210 1177 και
1232 1152 1306 1188 ὑμεῖς
1327 1150 1360 1179 τὰ
1378 1162 1428 1179 κατ
1458 1152 1523 1189 ἔμε,
1548 1152 1574 1180 τί
1592 1153 1717 1191 πράσσω,
1741 1153 1829 1181 πάντα

1061 1196 1123 1230 ὑμῖν
1138 1195 1260 1234 γνωρίσει
1272 1196 1403 1235 Τυχικὸς,
1421 1199 1433 1225 ὁ
1453 1198 1588 1234 ἀγαπητὸς
1602 1198 1710 1237 ἁδελφὸς
1724 1198 1769 1226 καὶ
1782 1211 1830 1227 πι-

1063 1240 1122 1273 στὸς
1140 1240 1256 1273 διάκονος
1270 1243 1297 1269 ἐν
1314 1242 1419 1281 Κυρίῳ·
1443 1242 1469 1271 ὃν
1492 1242 1598 1282 ἔπεμψα
1619 1243 1684 1282 πρὸς
1703 1246 1771 1282 ὑμᾶς
1794 1245 1830 1276 εἷς

1062 1286 1125 1314 αὐτὸ
1136 1289 1225 1321 τοῦτο,
1240 1286 1282 1314 ’ἵνα
1297 1289 1380 1325 γνῶτε
1390 1287 1424 1316 τὰ
1432 1288 1492 1326 περὶ
1505 1290 1591 1325 ἡμῶν,
1601 1288 1646 1316 καὶ
1655 1289 1829 1327 παρακαλέσῃ

1061 1330 1108 1363 τὰς
1122 1332 1232 1370 καρδίας
1246 1333 1329 1369 ὑμῶν.
1345 1332 1397 1360 Καὶ
1412 1334 1438 1360 ἐν
1452 1334 1542 1365 ἄλλαις
1560 1333 1587 1362 δὲ
1601 1334 1751 1366 ἐπιστολαῖς
1766 1334 1831 1362 αὐτὸ

1061 1380 1136 1405 τοῦτο
1147 1381 1224 1405 ποιεῖ.
1240 1378 1291 1406 Καὶ
1301 1380 1346 1406 οὐκ
1358 1378 1412 1406 ἔστι
1428 1378 1570 1417 παρέλκον,
1587 1378 1654 1407 ἀλλὰ
1668 1379 1713 1407 καὶ
1732 1379 1830 1419 σφόδρα

1027 1432 1045 1454 C
1063 1424 1216 1461 αναγκῖῑῖῠν·
1229 1435 1305 1452 του““0
1317 1436 1349 1460 με
1351 1436 1364 1451 ν
1377 1424 1418 1452 Οῑα
1429 1423 1476 1458 τὴν
1490 1425 1604 1462 ἀγάπην,
1615 1424 1648 1458 ἣν
1660 1424 1760 1463 σῦόῠρα
1769 1425 1830 1464 περὶ

1062 1480 1121 1499 τους
1137 1468 1256 1505 μαθητὰς
1270 1464 1292 1497 εἶ
1286 1481 1339 1507 -yfi,
1356 1480 1432 1497 τουτο
1451 1470 1478 1498 δὲ
1493 1469 1537 1497 διὰ
1554 1469 1612 1502 τους
1631 1473 1748 1508 συνεχεῖς
1769 1482 1830 1498 πει-

1065 1525 1193 1551 ρασμους,
1209 1515 1235 1542 ἐν
1252 1510 1289 1546 οἷς
1307 1526 1417 1553 μεγιστη
1441 1518 1473 1549 ἢν
1488 1515 1643 1554 παραμυθία
1657 1515 1686 1543 τὸ
1700 1514 1733 1542 τὰ
1747 1515 1829 1551 ἀλλή-

1061 1559 1113 1587 λων
1127 1559 1234 1595 εἰδέναι,
1247 1559 1316 1588 υστε
1335 1572 1379 1588 και
1396 1561 1552 1599 λυπηρων”
1537 1572 1616 1589 οντων
1631 1561 1830 1600 παρασκευάζε-

1062 1606 1122 1631 σθαι
1133 1604 1177 1631 καὶ
1190 1582 1341 1643 ε’νάγωνίους
1352 1600 1416 1632 εἶναι
1427 1605 1471 1633 καὶ
1482 1605 1697 1645 ἀσφαλεστέρους,
1706 1605 1751 1633 καὶ
1763 1617 1831 1645 χρη-

1064 1651 1132 1677 στῶν
1146 1649 1226 1678 ὄντων
1242 1650 1405 1684 συνήδεσθαι.
1421 1651 1551 1679 Ἐνταῦθα
1564 1651 1652 1689 μέντοι
1674 1651 1719 1679 καὶ
1739 1652 1830 1680 ἀπαλ-

1063 1693 1146 1731 λαγὴν
1158 1694 1203 1722 καὶ
1215 1694 1356 1732 ἐπαγωγὴν
1376 1695 1468 1733 μηνύει
1488 1698 1642 1734 πειρασμῶν
1661 1696 1755 1734 λέγων,
1765 1695 1830 1725 Ὅτι

1063 1739 1122 1767 καθ’
1137 1740 1284 1778 ὑπερὸολὴν
1300 1741 1464 1781 ἐὸαρήθημεν
1481 1741 1547 1781 ὑπὲρ
1568 1742 1692 1780 δύναμιν·
1710 1741 1830 1780 καθάπερ

1063 1784 1158 1824 φορτίῳ
1172 1786 1224 1813 τινὶ
1239 1787 1347 1824 μεγάλῳ
1363 1787 1552 1824 βαπτιζόμενον
1567 1789 1668 1816 πλοῖον.
1687 1787 1742 1816 Καὶ
1761 1788 1832 1816 δοκεῖ

1063 1829 1110 1866 μὲν
1131 1830 1158 1857 ἕν
1176 1842 1201 1858 τι
1223 1831 1368 1869 εἰρηκέναι,
1388 1832 1479 1866 εἰπὼν,
1497 1833 1563 1859 Καθ’
1588 1832 1746 1871 ὖπερὸολὴν,
1769 1832 1830 1866 καὶ,

1061 1874 1175 1914 ζΥπ.ρ
1161 1875 1286 1913 ούναμιν·
1302 1877 1348 1904 οὐκ
1360 1876 1415 1905 ἔστι
1432 1877 1458 1905 δὲ
1474 1877 1511 1912 ἓν,
1523 1877 1619 1906 ἀλλὰ
1605 1877 1649 1905 ούο
1664 1889 1757 1906 ταυτα.
1770 1877 1830 1906 Ινα

1061 1919 1113 1958 γὰρ
1134 1920 1170 1957 μή
1191 1932 1230 1954 τις
1250 1921 1332 1959 ὶέγῃ,
1353 1922 1378 1949 τί
1395 1921 1463 1977 γὰρ,
1478 1923 1500 1950 εἷ
1514 1924 1572 1950 καθ’
1587 1922 1759 1977 υττερὸολὴνί
1754 1922 1801 1952 ιιὲν
1815 1925 1830 1951 ὁ

1061 1965 1176 1997 κίνδυνος
1189 1961 1232 2000 ἧν,
1249 1968 1308 2003 ὑμῖν
1323 1967 1350 1995 οὲ
1365 1968 1393 1994 οὗ
1407 1967 1488 2006 μέγας
1503 1970 1551 2003 ἠν;
1574 1968 1715 2006 ἐπήγαγεν,
1730 1968 1771 1996 ὅτι
1785 1979 1830 1996 και

1062 2023 1095 2048 με
1097 2023 1143 2049 γας
1164 2014 1195 2045 ἠν
1210 2012 1255 2039 καὶ
1268 2024 1315 2046 την
1329 2012 1437 2049 δύναμιν
1460 2012 1532 2040 ἐνίκα
1551 2012 1600 2047 τὴν
1620 2013 1761 2052 ἡμετεραν,
1784 2025 1829 2042 και

1061 2056 1106 2083 ούτ
1107 2069 1141 2088 ως
1166 2056 1251 2091 ἐνίκα,
1277 2059 1311 2089 ὡς
1332 2057 1523 2095 ἐξαπορηθῆναι
1543 2060 1614 2094 ἡμᾶς
1636 2069 1682 2086 και
1701 2061 1747 2087 τοῦ
1773 2060 1828 2097 ζῇν,

1060 2101 1178 2130 τουτέστι
1187 2124 1194 2136 ,
1209 2101 1275 2138 μηδὲ
1290 2103 1468 2140 προσδοκῆσαι
1478 2102 1570 2131 λοιπὸν
1579 2106 1651 2140 ἡμᾶς
1667 2104 1723 2141 ζῇν.
1737 2103 1828 2142 Ὅπερ

1061 2149 1074 2174 ὃ
1089 2147 1172 2174 Δαυὶδ
1187 2147 1271 2179 πύλας
1284 2148 1346 2186 ᾅδου
1363 2149 1454 2183 καλεῖ,
1466 2148 1511 2176 καὶ
1523 2148 1617 2180 ὠδῖνας
1631 2149 1676 2176 καὶ
1691 2148 1767 2177 σκιὰν
1784 2151 1830 2177 θα-

1063 2193 1140 2220 νάτου
1150 2214 1157 2227 ,
1179 2195 1254 2221 τοῦτο
1268 2192 1298 2227 δὴ
1316 2192 1361 2220 καὶ
1376 2192 1452 2225 αὐτός
1467 2204 1554 2232 φησιν,
1568 2193 1608 2222 ὅτι
1626 2193 1743 2222 κίνδυνον
1765 2195 1829 2222 ὓπε-

1065 2241 1188 2279 μείναμεν
1213 2241 1316 2273 πάντως
1336 2240 1445 2268 Θάνατον
1470 2240 1599 2269 τίκτοντα.
1613 2240 1684 2269 Ἀλλ’
1706 2240 1780 2269 αὐτοὶ
1803 2242 1830 2269 ἐν

1039 2303 1045 2325 ¹.
1064 2292 1164 2323 ἑαυτοῖς
1175 2291 1205 2319 τὸ
1219 2291 1355 2329 ἀπόκριμα
1371 2293 1415 2318 τοῦ
1431 2290 1541 2318 Θανάτου
1563 2290 1724 2328 ἐσχήκαμεν,
1736 2288 1780 2317 ἵνα
1792 2289 1829 2327 μὴ

1062 2340 1213 2373 πεποιθότες
1227 2335 1298 2377 ὦμεν
1317 2341 1357 2379 ἐφ’
1377 2341 1494 2373 ἑαυτοῖς,
1517 2340 1574 2368 ἀλλ’
1589 2339 1632 2367 ἐπὶ
1655 2341 1692 2378 τῷ
1710 2340 1772 2378 Θεῷ
1793 2341 1830 2378 τῷ

1062 2390 1188 2429 ἐγείροντι
1206 2389 1263 2421 τοὺς
1283 2389 1399 2428 νεκρούς.
1422 2389 1458 2417 Τι’
1473 2389 1546 2424 ἐστι,
1567 2389 1608 2417 Τὸ
1622 2389 1760 2427 ἀπόκριμα
1783 2391 1830 2417 τοῦ

1063 2440 1188 2475 θανάτου,
1209 2440 1266 2474 Τὴν
1286 2440 1381 2478 ψῆφον,
1401 2438 1448 2474 τὴν
1471 2438 1567 2477 κρίσιν,
1589 2438 1637 2474 τὴν
1660 2438 1828 2477 προσδοκίαν.
