1860 2876
52 1243 113 1269 Pug.
134 1241 188 1271 433.

50 1346 113 1372 Pag.
126 1344 179 1375 587.

50 1518 110 1552 fug.
119 1516 173 1544 362·

51 1556 64 1568 o
75 1549 104 1569 ·5.

52 1580 114 1605 Pug.
122 1577 164 1608 62²
171 1595 175 1600 .

219 142 276 167 vm
936 149 974 171 t’tt
981 147 1104 172 ,ΕΗΊἺΟ
1111 165 1117 171 .

216 207 348 246 emiserat,
363 206 492 236 llomilias
514 209 541 237 in
555 209 703 248 Epistolatn
725 209 758 238 ad
773 209 947 246 Cotosscnscs,
962 210 988 238 in
1007 217 1147 248 utramque
1161 210 1195 239 ad
1212 210 1468 248 Thessalonicenses,
1481 218 1505 240 et
1524 211 1549 239 in
1572 211 1722 250 Epistolam
1733 212 1768 241 ad

216 253 353 288 Hebraeos,
366 255 454 284 minus
465 255 622 294 elaboratas,
640 257 869 296 Constantinopoli
882 257 991 285 emissas
1003 268 1057 285 csse
1074 257 1155 291 dixit3
1168 257 1201 285 de
1224 256 1350 285 llomiliis
1363 263 1451 285 autem
1467 257 1492 286 in
1505 258 1649 286 secundam
1664 258 1696 287 ad
1712 259 1767 288 Co·-

215 301 329 329 rintliius
340 301 514 331 subdubitare
524 314 551 332 se
562 304 598 332 ait
609 304 789 332 Antiocliiaene
802 315 834 332 an
850 304 1078 343 Constantinopoli
1094 304 1191 332 habita*
1212 304 1321 337 suerint,
1339 303 1401 341 quia
1418 305 1512 342 majori
1528 315 1587 333 eum
1601 305 1769 334 accuratione

215 348 366 386 compositae
380 356 540 387 sunt.quam
556 351 608 379 ittae
617 351 651 379 ad
667 352 844 387 colossenses,
863 358 913 379 etc.
931 351 958 379 Si
978 357 1062 379 tamen
1085 351 1163 387 illud,
1179 351 1276 388 inquit,
1295 349 1369 387 quod
1385 350 1413 378 in
1428 351 1539 380 homilia
1551 352 1680 390 vigesima
1694 359 1767 381 sexta

214 394 311 433 legitur
321 394 354 423 de
367 395 532 424 Constantini
545 397 674 435 sepulcro,
688 408 749 425 vere
761 397 943 436 Clirysostotui
961 397 1005 431 sit,
1020 407 1073 434 qua
1087 396 1121 424 de
1135 406 1163 423 re
1181 395 1257 423 multi
1274 394 1408 433 dubitant,
1425 396 1653 436 Constantinopoli
1669 397 1767 426 habitae

213 441 320 470 fuerint.
336 441 380 469 Sic
393 442 438 469 ille
449 441 482 470 de
491 442 603 471 locoillo
617 443 738 472 dubitari
752 454 784 472 an
796 454 857 472 vere
873 443 1055 482 Clu-ysostomi
1072 443 1105 470 sit
1118 452 1199 470 necne
1218 441 1322 479 asserit,
1338 441 1522 480 neminemque
1532 450 1619 471 tamen
1635 454 1668 471 ex
1687 443 1769 472 dubi-

212 487 331 515 tantibus
342 488 459 516 nominat
476 501 481 515 τ
494 499 578 526 neque
593 490 646 517 ulla
661 489 803 518 dubitandi
823 490 865 517 vel
884 489 1050 528 disceptandi
1072 499 1148 516 causa
1161 494 1295 527 comparet
1306 499 1314 526 5
1326 488 1352 516 in
1369 488 1493 516 omnibus
1507 499 1620 527 namque
1634 496 1691 517 tum
1704 489 1769 518 Edi-

212 533 247 561 tis
258 539 315 561 tum
326 534 515 572 Manuscriptis
525 535 646 571 habetur,
658 542 681 563 et
691 536 790 574 optime
801 535 836 563 ad
846 535 940 563 scriem
953 534 1075 572 quadrat.
1631 541 1639 547 “

252 580 354 608 Locum
365 591 427 608 vcro
441 580 517 608 illum
532 581 644 620 pessime
658 582 788 610 intellexit
800 581 926 615 Savilffis,
939 591 1001 608 cum
1024 580 1130 619 putavit
1145 579 1191 608 illo
1206 580 1313 618 probari
1333 580 1382 608 has
1397 579 1520 609 homilias
1536 580 1764 620 Constantinopoli

210 626 291 655 fuisse
302 626 414 661 liabitas,
426 637 486 655 cum
499 634 588 656 eontra
612 628 738 667 probetur
758 628 817 656 illas
833 627 979 656 Antiochia*
1006 626 1091 654 dictas
1114 625 1203 654 fuisse.
1221 625 1262 654 En
1277 626 1365 665 ipsum
1384 626 1472 655 locum
1489 626 1613 656 Homiliae
1630 627 1766 665 vigesimae

209 680 300 709 sense,
314 684 374 712 pag.
390 675 460 709 (3:25,
475 674 496 702 C
507 686 513 701 t
525 675 569 703 καὶ
584 677 660 703 τοῦτο
671 677 717 704 οὐκ
735 677 759 703 ἐν
772 678 804 713 τῇ
819 673 913 712 ζΡώμῃ
928 675 978 702 ἴδοι
992 686 1031 705 τις
1047 673 1076 701 ἂν
1089 672 1222 711 γινόμενον
1239 673 1325 710 μόνον,
1337 673 1405 702 ἀλλὰ
1417 673 1460 702 καὶ
1472 675 1497 702 ἐν
1509 676 1541 712 τῇ
1553 675 1767 703 Κωνσταντινου-

209 720 301 747 πόλει·
323 720 367 747 καὶ
385 720 436 759 γὰρ
451 720 494 748 καὶ
506 721 615 749 ἐνταῦθα
627 723 823 749 Κωνσταντῖνον
842 720 884 748 τὸν
899 719 979 758 μέγαν
993 720 1094 757 μεγάλῃ
1114 721 1178 757 τιμῇ
1194 724 1273 758 τιμᾷν
1288 719 1405 757 ἐνόμισεν
1422 722 1434 748 ὁ
1447 724 1517 756 παῖς,
1530 722 1552 749 εἰ
1565 725 1617 753 τοῖς
1630 720 1767 761 προθύροις

208 765 347 794 κατάθοιτο
357 769 401 794 τοῦ
414 766 516 798 ἁλιέως.
533 766 564 794 Id
577 773 615 794 cst
630 778 635 794 ι
653 767 755 804 Atque
771 767 802 793 id
828 776 887 793 non
912 767 1010 793 Romffl
1024 766 1117 792 solum
1134 765 1208 804 fieri
1224 767 1367 804 quispiam
1382 766 1501 803 viderit,
1515 767 1566 794 sed
1579 769 1667 795 etiam
1685 767 1765 795 Con-

207 813 407 850 stantinopoli.
426 814 502 840 Nam
514 814 600 841 ethic
610 823 723 851 quoque
737 814 961 840 Constantinum
982 812 1219 851 Jlagnumfilius
1241 814 1284 840 ita
1302 822 1332 840 se
1347 814 1457 851 ingenti
1467 813 1575 841 honore
1585 814 1766 852 offecturum

205 861 392 893 aristimaviz,
407 861 432 886 si
446 868 509 886 eum
519 860 550 885 in
559 860 720 887 Piscatoris
735 859 880 886 vestibulo
891 859 1036 886 conderet.
1059 858 1106 886 His
1120 868 1199 897 porro
1215 859 1316 895 verbis,
1341 861 1386 887 οὐκ
1398 861 1423 887 ἐν
1440 861 1471 897 τῇ
1485 859 1579 898 Ῥώμῃ
1596 859 1682 897 μόνον,
1698 860 1764 888 ἀλλὰ

205 904 249 931 καὶ
263 906 288 932 ἐν
301 906 332 939 τῇ
345 904 630 941 Κωνσταντινουπόλει,
646 915 704 933 non
719 906 816 933 Romae
829 905 932 939 solum,
954 905 1005 933 sed
1018 906 1107 932 etiam
1122 905 1391 943 Constantinopoli,
1418 912 1508 944 aperte
1523 905 1640 934 declarat
1654 916 1681 934 se
1696 906 1765 934 Con-

203 950 375 989 stantinopoli
390 942 453 978 tutic
463 960 515 978 non
530 951 628 988 suisse;
645 961 777 989 nusquam
793 950 864 979 enirn
878 951 957 979 illum
970 950 1004 978 de
1029 951 1093 978 urbe
1107 950 1193 988 inqua
1207 950 1281 989 degit
1295 950 1333 978 sic
1347 951 1489 988 loquutum
1505 951 1697 990 deprehendas.
1712 952 1763 980 Sa-

202 994 300 1022 vilium
313 994 417 1033 decepit
431 995 461 1023 id
475 996 548 1033 quod
562 996 693 1034 sequitur,
708 995 813 1035 καὶγὰρ
827 995 871 1024 καὶ
885 997 1003 1031 ἐνταῦθα,
1020 1007 1088 1024 nam
1114 1002 1140 1024 et
1153 997 1217 1030 Ιιίσ,-
1238 997 1343 1035 putavit
1364 997 1435 1024 enim
1447 997 1526 1033 illud,
1542 997 1586 1026 καὶ
1603 1000 1723 1035 ἐνταῦθα,
1736 1005 1765 1027 et

204 1041 262 1076 hic,
277 1040 366 1069 locum
378 1041 405 1068 in
420 1052 472 1078 quo
486 1048 550 1069 tunc
563 1041 726 1081 praedicabat
740 1041 948 1080 Chrysostomus
960 1041 1090 1069 indicare.
1101 1042 1203 1071 Verum
1217 1048 1242 1069 ct
1254 1041 1304 1070 hoc
1316 1042 1375 1070 loco
1390 1049 1415 1070 et
1426 1043 1519 1081 paucis
1530 1049 1619 1082 postea
1629 1043 1762 1082 versibus,

202 1094 229 1116 et
242 1080 387 1116 sex'centies
398 1087 464 1116 alibi
476 1089 588 1117 ἐνταῦΟα
602 1088 736 1126 significat
751 1087 841 1116 locum
857 1087 890 1116 de
905 1098 957 1126 quo
977 1088 1107 1125 loquitur,
1123 1099 1175 1116 non
1190 1088 1279 1116 locum
1290 1088 1317 1116 in
1334 1100 1387 1127 quo
1402 1096 1534 1118 versatur.
1551 1090 1644 1128 Itaque
1658 1089 1700 1118 hae
1714 1100 1764 1129 po-

202 1134 324 1163 steriores
333 1134 452 1163 homilia:
471 1134 628 1172 Antiochiae,
643 1145 696 1164 non
709 1134 938 1174 Constantinopoli
963 1135 1062 1164 habita:
1075 1135 1147 1164 fuere
1163 1146 1169 1162 :
1186 1145 1244 1173 quae
1267 1135 1331 1164 item
1347 1136 1398 1164 fuit
1413 1136 1580 1165 Tillemontii
1596 1136 1636 1165 Cl.
1650 1137 1687 1167 V.
1703 1146 1764 1166 sen-

204 1182 296 1210 tentia.

239 1230 266 1258 5.
281 1230 318 1259 Ut
332 1229 359 1257 in
373 1229 508 1268 prioribus
520 1230 640 1259 homiliis
652 1230 838 1260 Marcionistas
863 1230 990 1269 exagitat,
1017 1231 1063 1269 qui
1087 1230 1211 1259 dicebant
1224 1241 1314 1259 rernm
1327 1230 1451 1270 opificem
1458 1231 1563 1270 justum
1576 1241 1640 1267 esse,
1655 1230 1763 1260 sednon

199 1275 314 1313 bonum3
328 1276 491 1305 Manichaeos
506 1278 570 1306 item
583 1278 740 1315 insectatur,
756 1279 802 1316 qui
817 1289 863 1307 ore
880 1278 963 1317 impio
978 1278 1050 1306 hunc
1067 1289 1157 1307 rerum
1177 1278 1302 1317 opificem
1317 1278 1458 1306 diabolum
1472 1289 1526 1306 esse
1540 1278 1760 1317 pronuntiabant.

200 1323 343 1352 Haercticos
363 1324 443 1352 etiam
465 1324 528 1353 istos
547 1325 649 1363 aliquot
671 1325 698 1353 in
713 1325 778 1354 locis
803 1325 966 1354 insectatur:
982 1336 1083 1355 necnon
1099 1333 1124 1354 et
1139 1326 1205 1354 alios
1229 1325 1275 1363 qui
1300 1325 1424 1354 dicebant
1444 1325 1575 1354 mundum
1598 1325 1688 1364 ipsum
1709 1336 1764 1354 esse

201 1369 292 1408 deum,
307 1371 353 1409 qui
368 1381 441 1399 error
451 1371 531 1400 etiam
545 1382 602 1401 aevo
617 1379 707 1401 nostro
722 1380 864 1402 renovatus
879 1373 938 1401 suit.

239 1419 267 1446 4.
283 1418 343 1446 Atia
358 1428 464 1456 quoque
481 1418 623 1447 observatu
638 1418 721 1457 digna
736 1419 763 1447 in
782 1419 854 1447 hisce
873 1419 1065 1458 posterioribus
1086 1418 1206 1447 homiliis
1227 1426 1378 1447 occurrunt.
1396 1419 1532 1457 Opinatur
1555 1418 1764 1457 Chrysostomus

199 1465 309 1493 fratrem
323 1465 411 1503 inum,
436 1465 471 1494 de
485 1476 537 1503 quo
552 1465 618 1496 dicit
632 1466 742 1503 Paulus,
769 1467 859 1505 Cujus
875 1467 940 1494 laus
954 1473 996 1494 est
1011 1468 1042 1494 in
1055 1466 1229 1504 Evangelio,
1255 1476 1311 1495 esse
1324 1466 1492 1503 Barnabam5
1517 1465 1655 1503 vulgarior
1669 1472 1759 1494 tamen

200 1512 328 1541 sententia
342 1519 379 1541 est
394 1513 495 1541 Lucam
510 1523 564 1541 esse
578 1513 612 1541 ab
627 1513 774 1552 Evangelio
794 1513 866 1551 quod
880 1513 1021 1552 descripsit
1038 1512 1214 1541 laudandum.
1231 1513 1358 1541 Affirmat
1371 1523 1476 1550 quoque
1489 1513 1518 1541 S.
1535 1512 1629 1540 doctor
1642 1512 1762 1541 Alexan-

201 1558 281 1587 drum
294 1560 425 1598 Magnum
438 1570 452 1587 a
466 1566 558 1588 senatu
573 1561 693 1588 Romano
708 1560 818 1588 tertium
831 1560 965 1588 decimum
982 1560 1063 1588 deum
1078 1553 1242 1587 declaratum
1262 1560 1354 1597 fuisse,
1372 1559 1399 1587 id
1418 1559 1492 1597 quod.
1505 1559 1630 1598 nuspiam
1652 1559 1763 1587 memini

201 1615 244 1633 me
257 1605 352 1643 legere.
369 1606 478 1634 Tertius
499 1606 620 1635 decimus
642 1614 731 1635 autem
748 1606 814 1636 deus
831 1606 919 1635 dictus
934 1607 1024 1643 fuerit,
1048 1607 1110 1644 quia
1124 1606 1267 1636 duodecim
1290 1607 1353 1636 deos
1373 1607 1487 1635 Romani
1508 1606 1695 1644 admittebant,
1717 1605 1760 1634 his

203 1652 309 1681 duobus
324 1653 445 1682 versibus
460 1653 671 1692 comprehensos.

341 1718 420 1746 Juno
432 1740 440 1752 ,
460 1718 546 1746 Vesta
555 1740 562 1754 ‚
580 1719 716 1746 Illinerva
726 1740 734 1754 ‚
749 1718 834 1746 Ceres
845 1740 853 1752 ,
872 1719 974 1746 Diana
984 1741 993 1753 ,
1014 1720 1126 1755 Venus,
1142 1720 1225 1747 Illars
1237 1742 1247 1753 ,

341 1772 503 1800 flIercurius
514 1793 524 1806 ‚
541 1772 623 1799 Jovis
634 1793 643 1805 ‚
663 1773 830 1810 Neptunus,
850 1773 998 1800 Vulcanus
1009 1794 1018 1806 ,
1038 1773 1158 1810 Apollo.

246 1839 340 1867 Ritum
355 1850 434 1878 porro
449 1839 613 1878 singularem
642 1847 668 1869 et
694 1851 757 1869 usus
772 1841 919 1878 frequentis
933 1847 1134 1879 commemorat,
1159 1841 1232 1878 quod
1245 1841 1346 1870 scilicet
1360 1841 1390 1878 ii,
1404 1841 1489 1879 quiin
1505 1841 1652 1871 Ecclesiam
1669 1843 1758 1882 ingre*

205 1885 357 1924 diebantui,
374 1886 498 1915 Ecclesiae
513 1887 645 1915 vestibula
659 1887 853 1916 oscularentur.

246 1932 427 1961 lIomiliarum
448 1932 474 1960 in
490 1933 605 1972 primam
627 1933 776 1972 Epistolam
791 1933 1034 1973 interpretationem
1049 1935 1182 1970 Latinam,
1200 1934 1274 1972 quod
1287 1945 1339 1964 non
1360 1942 1481 1964 accurata
1496 1941 1578 1974 esset,
1598 1945 1663 1974 pene
1678 1942 1761 1965 totam

208 1978 388 2017 mutavimu55
406 1979 432 2007 in
447 1979 562 2009 secunda
576 1986 664 2008 autem
678 1980 762 2008 multa
776 1979 946 2008 correximus.
