<?xml version="1.0" encoding="UTF-8"?>
<!DOCTYPE html PUBLIC "-//W3C//DTD XHTML 1.0 Transitional//EN"
    "http://www.w3.org/TR/xhtml1/DTD/xhtml1-transitional.dtd">
<html xmlns="http://www.w3.org/1999/xhtml" xml:lang="en" lang="en">
 <head>
  <title>
</title>
<meta http-equiv="Content-Type" content="text/html;charset=utf-8" />
  <meta name='ocr-system' content='tesseract 3.04.00' />
  <meta name='ocr-capabilities' content='ocr_page ocr_carea ocr_par ocr_line ocrx_word'/>
</head>
<body>
  <div class='ocr_page' id='page_1' title='image "./operaomniaquaeex10johnuoft_0196.png"; bbox 0 0 1891 2866; ppageno 0'>
   <div class='ocr_carea' id='block_1_1' title="bbox 284 171 1015 204">
    <p class='ocr_par' dir='ltr' id='par_1_1' title="bbox 284 171 1015 204">
     <span class='ocr_line' id='line_1_1' title="bbox 284 171 1015 204; baseline -0.001 -1"><span class='ocrx_word' id='word_1_1' title='bbox 284 171 345 204; x_wconf 76' lang='lat'>180</span> <span class='ocrx_word' id='word_1_2' title='bbox 613 181 641 203; x_wconf 83' lang='lat' dir='ltr'>s.</span> <span class='ocrx_word' id='word_1_3' title='bbox 670 181 808 204; x_wconf 63' lang='lat' dir='ltr'>somnis</span> <span class='ocrx_word' id='word_1_4' title='bbox 835 180 1015 203; x_wconf 73' lang='lat' dir='ltr'>cuursosr.</span> 
     </span>
    </p>
   </div>
   <div class='ocr_carea' id='block_1_2' title="bbox 274 242 1012 374">
    <p class='ocr_par' dir='ltr' id='par_1_2' title="bbox 274 242 1012 374">
     <span class='ocr_line' id='line_1_2' title="bbox 274 242 1011 282; baseline -0.001 -11"><span class='ocrx_word' id='word_1_5' title='bbox 274 243 430 272; x_wconf 79' lang='lat' dir='ltr'>memoriam</span> <span class='ocrx_word' id='word_1_6' title='bbox 443 242 514 271; x_wconf 90' lang='lat' dir='ltr'>enim</span> <span class='ocrx_word' id='word_1_7' title='bbox 528 249 636 271; x_wconf 75' lang='lat' dir='ltr'>revocat</span> <span class='ocrx_word' id='word_1_8' title='bbox 649 242 770 272; x_wconf 84' lang='lat' dir='ltr'>beneficii</span> <span class='ocrx_word' id='word_1_9' title='bbox 785 242 1011 282; x_wconf 73' lang='lat' dir='ltr'>magnitudinem,</span> 
     </span>
     <span class='ocr_line' id='line_1_3' title="bbox 274 289 1012 323; baseline -0.001 -6"><span class='ocrx_word' id='word_1_10' title='bbox 274 296 299 317; x_wconf 83' lang='lat' dir='ltr'>et</span> <span class='ocrx_word' id='word_1_11' title='bbox 322 289 415 317; x_wconf 83' lang='lat' dir='ltr'>salutis</span> <span class='ocrx_word' id='word_1_12' title='bbox 440 289 560 323; x_wconf 83' lang='lat' dir='ltr'>modum,</span> <span class='ocrx_word' id='word_1_13' title='bbox 587 289 727 318; x_wconf 82' lang='lat' dir='ltr'>osteudens</span> <span class='ocrx_word' id='word_1_14' title='bbox 753 300 798 318; x_wconf 89' lang='lat' dir='ltr'>nos</span> <span class='ocrx_word' id='word_1_15' title='bbox 823 300 884 318; x_wconf 92' lang='lat' dir='ltr'>cum</span> <span class='ocrx_word' id='word_1_16' title='bbox 907 289 1012 317; x_wconf 84' lang='lat' dir='ltr'>alienati</span> 
     </span>
     <span class='ocr_line' id='line_1_4' title="bbox 274 334 1011 374; baseline 0 -12"><span class='ocrx_word' id='word_1_17' title='bbox 274 335 425 371; x_wconf 78' lang='lat' dir='ltr'>fuissemus,</span> <span class='ocrx_word' id='word_1_18' title='bbox 442 342 524 364; x_wconf 85' lang='lat' dir='ltr'>emtos</span> <span class='ocrx_word' id='word_1_19' title='bbox 541 335 637 372; x_wconf 83' lang='lat' dir='ltr'>suisse;</span> <span class='ocrx_word' id='word_1_20' title='bbox 662 342 686 364; x_wconf 87' lang='lat' dir='ltr'>ct</span> <span class='ocrx_word' id='word_1_21' title='bbox 705 346 756 364; x_wconf 89' lang='lat' dir='ltr'>non</span> <span class='ocrx_word' id='word_1_22' title='bbox 774 335 943 374; x_wconf 72' lang='lat' dir='ltr'>simpliciter,</span> <span class='ocrx_word' id='word_1_23' title='bbox 967 334 1011 362; x_wconf 84' lang='lat' dir='ltr'>scd</span> 
     </span>
    </p>
   </div>
   <div class='ocr_carea' id='block_1_3' title="bbox 1045 180 1493 203">
    <p class='ocr_par' dir='ltr' id='par_1_3' title="bbox 1045 180 1493 203">
     <span class='ocr_line' id='line_1_5' title="bbox 1045 180 1493 203; baseline 0 0"><span class='ocrx_word' id='word_1_24' title='bbox 1045 181 1062 202; x_wconf 75' lang='grc' dir='ltr'>Α</span> <span class='ocrx_word' id='word_1_25' title='bbox 1070 181 1185 203; x_wconf 71' lang='lat' dir='ltr'>uelum)</span> <span class='ocrx_word' id='word_1_26' title='bbox 1192 196 1199 202; x_wconf 89' lang='lat'>.</span> <span class='ocrx_word' id='word_1_27' title='bbox 1228 180 1493 203; x_wconf 73' lang='lat' dir='ltr'><strong>CONSTANTINOP-</strong></span> 
     </span>
    </p>
   </div>
   <div class='ocr_carea' id='block_1_4' title="bbox 1067 242 1836 374">
    <p class='ocr_par' dir='ltr' id='par_1_4' title="bbox 1067 242 1836 374">
     <span class='ocr_line' id='line_1_6' title="bbox 1067 242 1836 282; baseline 0.003 -11"><span class='ocrx_word' id='word_1_28' title='bbox 1067 242 1285 282; x_wconf 80' lang='grc' dir='ltr'>ἀλλοτρι(ι)οέντες</span> <span class='ocrx_word' id='word_1_29' title='bbox 1303 242 1486 282; x_wconf 80' lang='grc' dir='ltr'>ἠγοράσθημεν</span> <span class='ocrx_word' id='word_1_30' title='bbox 1497 254 1502 260; x_wconf 94' lang='grc'><strong><em>·</em></strong></span> <span class='ocrx_word' id='word_1_31' title='bbox 1515 243 1560 272; x_wconf 78' lang='grc' dir='ltr'>καὶ</span> <span class='ocrx_word' id='word_1_32' title='bbox 1576 243 1625 282; x_wconf 75' lang='grc' dir='ltr'>οὐχ</span> <span class='ocrx_word' id='word_1_33' title='bbox 1643 244 1748 280; x_wconf 77' lang='grc' dir='ltr'>ἁπλῶς,</span> <span class='ocrx_word' id='word_1_34' title='bbox 1768 243 1836 273; x_wconf 68' lang='grc' dir='ltr'>ἀλλὰ</span> 
     </span>
     <span class='ocr_line' id='line_1_7' title="bbox 1071 287 1836 328; baseline 0.004 -12"><span class='ocrx_word' id='word_1_35' title='bbox 1071 291 1157 326; x_wconf 68' lang='grc' dir='ltr'>τιμῆς.</span> <span class='ocrx_word' id='word_1_36' title='bbox 1169 287 1320 321; x_wconf 74' lang='grc' dir='ltr'>”Δοξτίσατε</span> <span class='ocrx_word' id='word_1_37' title='bbox 1335 288 1380 324; x_wconf 80' lang='grc' dir='ltr'>δὴ,</span> <span class='ocrx_word' id='word_1_38' title='bbox 1396 288 1475 328; x_wconf 80' lang='grc' dir='ltr'>ἄρατε</span> <span class='ocrx_word' id='word_1_39' title='bbox 1494 289 1537 318; x_wconf 79' lang='grc' dir='ltr'>τὸν</span> <span class='ocrx_word' id='word_1_40' title='bbox 1552 289 1619 318; x_wconf 79' lang='grc' dir='ltr'>Θεὸν</span> <span class='ocrx_word' id='word_1_41' title='bbox 1634 291 1659 318; x_wconf 81' lang='grc' dir='ltr'>ἐν</span> <span class='ocrx_word' id='word_1_42' title='bbox 1672 292 1710 328; x_wconf 84' lang='grc' dir='ltr'>τῷ</span> <span class='ocrx_word' id='word_1_43' title='bbox 1731 289 1836 328; x_wconf 84' lang='grc' dir='ltr'>σώματι</span> 
     </span>
     <span class='ocr_line' id='line_1_8' title="bbox 1070 333 1834 374; baseline 0.004 -13"><span class='ocrx_word' id='word_1_44' title='bbox 1070 336 1142 370; x_wconf 75' lang='grc' dir='ltr'>ὑμῶν</span> <span class='ocrx_word' id='word_1_45' title='bbox 1156 333 1199 361; x_wconf 67' lang='grc' dir='ltr'>καὶ</span> <span class='ocrx_word' id='word_1_46' title='bbox 1219 335 1244 362; x_wconf 83' lang='grc' dir='ltr'>ἐν</span> <span class='ocrx_word' id='word_1_47' title='bbox 1261 336 1297 373; x_wconf 75' lang='grc' dir='ltr'>τῷ</span> <span class='ocrx_word' id='word_1_48' title='bbox 1313 333 1450 372; x_wconf 81' lang='grc' dir='ltr'>πνεύματι.</span> <span class='ocrx_word' id='word_1_49' title='bbox 1466 336 1558 363; x_wconf 80' lang='grc' dir='ltr'>Ταῦτα</span> <span class='ocrx_word' id='word_1_50' title='bbox 1570 335 1596 364; x_wconf 67' lang='grc' dir='ltr'>δὲ</span> <span class='ocrx_word' id='word_1_51' title='bbox 1610 334 1697 374; x_wconf 86' lang='grc' dir='ltr'>λε’γει,</span> <span class='ocrx_word' id='word_1_52' title='bbox 1712 335 1779 365; x_wconf 83' lang='grc' dir='ltr'>ὥστε</span> <span class='ocrx_word' id='word_1_53' title='bbox 1797 335 1834 374; x_wconf 83' lang='grc' dir='ltr'>μὴ</span> 
     </span>
    </p>
   </div>
   <div class='ocr_carea' id='block_1_5' title="bbox 270 378 1835 467">
    <p class='ocr_par' dir='ltr' id='par_1_5' title="bbox 270 378 1835 467">
     <span class='ocr_line' id='line_1_9' title="bbox 273 378 1834 421; baseline 0 -12"><span class='ocrx_word' id='word_1_54' title='bbox 273 381 367 420; x_wconf 84' lang='lat' dir='ltr'>pretio.</span> <span class='ocrx_word' id='word_1_55' title='bbox 387 381 558 421; x_wconf 77' lang='lat' dir='ltr'>Glorificate</span> <span class='ocrx_word' id='word_1_56' title='bbox 572 392 649 421; x_wconf 74' lang='lat' dir='ltr'>erga,</span> <span class='ocrx_word' id='word_1_57' title='bbox 663 388 778 420; x_wconf 79' lang='lat' dir='ltr'>portate</span> <span class='ocrx_word' id='word_1_58' title='bbox 792 383 885 410; x_wconf 81' lang='lat' dir='ltr'>Deum</span> <span class='ocrx_word' id='word_1_59' title='bbox 902 383 932 409; x_wconf 83' lang='lat' dir='ltr'>in</span> <span class='ocrx_word' id='word_1_60' title='bbox 950 390 1012 408; x_wconf 81' lang='lat' dir='ltr'>cor·</span> <span class='ocrx_word' id='word_1_61' title='bbox 1022 402 1057 421; x_wconf 52' lang='lat'>¹⁵2</span> <span class='ocrx_word' id='word_1_62' title='bbox 1068 381 1106 417; x_wconf 78' lang='grc' dir='ltr'>τῷ</span> <span class='ocrx_word' id='word_1_63' title='bbox 1121 378 1225 417; x_wconf 80' lang='grc' dir='ltr'>σώματι</span> <span class='ocrx_word' id='word_1_64' title='bbox 1247 380 1322 417; x_wconf 85' lang='grc' dir='ltr'>μόνον</span> <span class='ocrx_word' id='word_1_65' title='bbox 1344 379 1445 419; x_wconf 74' lang='grc' dir='ltr'>φεύγειν</span> <span class='ocrx_word' id='word_1_66' title='bbox 1461 380 1508 416; x_wconf 79' lang='grc' dir='ltr'>τὴν</span> <span class='ocrx_word' id='word_1_67' title='bbox 1520 381 1652 420; x_wconf 74' lang='grc' dir='ltr'>πορνείαν,</span> <span class='ocrx_word' id='word_1_68' title='bbox 1666 381 1733 410; x_wconf 81' lang='grc' dir='ltr'>ἀλλὰ</span> <span class='ocrx_word' id='word_1_69' title='bbox 1748 381 1793 410; x_wconf 80' lang='grc' dir='ltr'>καὶ</span> <span class='ocrx_word' id='word_1_70' title='bbox 1807 382 1834 409; x_wconf 82' lang='grc' dir='ltr'>ἐν</span> 
     </span>
     <span class='ocr_line' id='line_1_10' title="bbox 270 424 1835 467; baseline -0.001 -12"><span class='ocrx_word' id='word_1_71' title='bbox 270 438 340 465; x_wconf 81' lang='lat' dir='ltr'>pore</span> <span class='ocrx_word' id='word_1_72' title='bbox 355 434 452 456; x_wconf 77' lang='lat' dir='ltr'>vestro</span> <span class='ocrx_word' id='word_1_73' title='bbox 473 433 499 456; x_wconf 81' lang='lat' dir='ltr'>et</span> <span class='ocrx_word' id='word_1_74' title='bbox 515 429 546 455; x_wconf 84' lang='lat' dir='ltr'>in</span> <span class='ocrx_word' id='word_1_75' title='bbox 565 429 676 466; x_wconf 79' lang='lat' dir='ltr'>spiritu.</span> <span class='ocrx_word' id='word_1_76' title='bbox 702 427 758 455; x_wconf 84' lang='lat' dir='ltr'>Hoc</span> <span class='ocrx_word' id='word_1_77' title='bbox 780 437 860 466; x_wconf 85' lang='lat' dir='ltr'>porro</span> <span class='ocrx_word' id='word_1_78' title='bbox 880 425 956 462; x_wconf 81' lang='lat' dir='ltr'>dicit,</span> <span class='ocrx_word' id='word_1_79' title='bbox 984 431 1014 458; x_wconf 73' lang='lat' dir='ltr'>ut</span> <span class='ocrx_word' id='word_1_80' title='bbox 1031 431 1047 451; x_wconf 73' lang='grc' dir='ltr'>Α</span> <span class='ocrx_word' id='word_1_81' title='bbox 1067 426 1126 463; x_wconf 61' lang='grc' dir='ltr'>ὃτῷ</span> <span class='ocrx_word' id='word_1_82' title='bbox 1141 424 1271 462; x_wconf 81' lang='grc' dir='ltr'>πνεύματι</span> <span class='ocrx_word' id='word_1_83' title='bbox 1285 428 1331 461; x_wconf 73' lang='grc' dir='ltr'>τῆς</span> <span class='ocrx_word' id='word_1_84' title='bbox 1358 427 1444 465; x_wconf 71' lang='grc' dir='ltr'>ψυχῆς</span> <span class='ocrx_word' id='word_1_85' title='bbox 1461 426 1540 463; x_wconf 79' lang='grc' dir='ltr'>μηδὲν</span> <span class='ocrx_word' id='word_1_86' title='bbox 1559 427 1671 467; x_wconf 78' lang='grc' dir='ltr'>πονηρὸν</span> <span class='ocrx_word' id='word_1_87' title='bbox 1688 427 1835 466; x_wconf 80' lang='grc' dir='ltr'>λογίζεσθαι</span> 
     </span>
    </p>
   </div>
   <div class='ocr_carea' id='block_1_6' title="bbox 266 469 1013 1434">
    <p class='ocr_par' dir='ltr' id='par_1_6' title="bbox 266 469 1013 1434">
     <span class='ocr_line' id='line_1_11' title="bbox 272 469 1012 513; baseline -0.005 -11"><span class='ocrx_word' id='word_1_88' title='bbox 272 484 324 502; x_wconf 92' lang='lat' dir='ltr'>non</span> <span class='ocrx_word' id='word_1_89' title='bbox 342 483 452 513; x_wconf 79' lang='lat' dir='ltr'>corpore</span> <span class='ocrx_word' id='word_1_90' title='bbox 469 473 555 502; x_wconf 88' lang='lat' dir='ltr'>solum</span> <span class='ocrx_word' id='word_1_91' title='bbox 576 473 709 512; x_wconf 78' lang='lat' dir='ltr'>fugiamus</span> <span class='ocrx_word' id='word_1_92' title='bbox 728 472 948 508; x_wconf 77' lang='lat' dir='ltr'>fornicationern3</span> <span class='ocrx_word' id='word_1_93' title='bbox 966 469 1012 499; x_wconf 86' lang='lat' dir='ltr'>sed</span> 
     </span>
     <span class='ocr_line' id='line_1_12' title="bbox 271 518 1012 559; baseline -0.005 -11"><span class='ocrx_word' id='word_1_94' title='bbox 271 519 351 548; x_wconf 77' lang='lat' dir='ltr'>etiam</span> <span class='ocrx_word' id='word_1_95' title='bbox 364 520 391 548; x_wconf 87' lang='lat' dir='ltr'>in</span> <span class='ocrx_word' id='word_1_96' title='bbox 409 519 505 559; x_wconf 85' lang='lat' dir='ltr'>spiritu</span> <span class='ocrx_word' id='word_1_97' title='bbox 519 519 614 548; x_wconf 57' lang='lat' dir='ltr'>animae</span> <span class='ocrx_word' id='word_1_98' title='bbox 628 519 696 547; x_wconf 86' lang='lat' dir='ltr'>nihil</span> <span class='ocrx_word' id='word_1_99' title='bbox 710 519 773 546; x_wconf 90' lang='lat' dir='ltr'>mali</span> <span class='ocrx_word' id='word_1_100' title='bbox 786 518 942 556; x_wconf 81' lang='lat' dir='ltr'>cogitemus,</span> <span class='ocrx_word' id='word_1_101' title='bbox 965 527 1012 545; x_wconf 85' lang='lat' dir='ltr'>nec</span> 
     </span>
     <span class='ocr_line' id='line_1_13' title="bbox 271 562 1013 604; baseline -0.004 -11"><span class='ocrx_word' id='word_1_102' title='bbox 271 565 384 604; x_wconf 76' lang='lat' dir='ltr'>gratiam</span> <span class='ocrx_word' id='word_1_103' title='bbox 406 565 554 604; x_wconf 81' lang='lat' dir='ltr'>abigamus.</span> <span class='ocrx_word' id='word_1_104' title='bbox 582 566 651 603; x_wconf 76' lang='lat' dir='ltr'>Quae</span> <span class='ocrx_word' id='word_1_105' title='bbox 669 571 736 593; x_wconf 77' lang='lat' dir='ltr'>sunt</span> <span class='ocrx_word' id='word_1_106' title='bbox 761 565 829 592; x_wconf 84' lang='lat' dir='ltr'>Dei.</span> <span class='ocrx_word' id='word_1_107' title='bbox 848 563 919 598; x_wconf 87' lang='lat' dir='ltr'>Quia</span> <span class='ocrx_word' id='word_1_108' title='bbox 941 562 1013 591; x_wconf 85' lang='lat' dir='ltr'>enim</span> 
     </span>
     <span class='ocr_line' id='line_1_14' title="bbox 269 609 1012 650; baseline -0.004 -11"><span class='ocrx_word' id='word_1_109' title='bbox 269 610 350 645; x_wconf 82' lang='lat' dir='ltr'>dixit,</span> <span class='ocrx_word' id='word_1_110' title='bbox 367 612 477 646; x_wconf 72' lang='lat' dir='ltr'>Vestro,</span> <span class='ocrx_word' id='word_1_111' title='bbox 492 610 551 639; x_wconf 86' lang='lat' dir='ltr'>ideo</span> <span class='ocrx_word' id='word_1_112' title='bbox 565 611 668 650; x_wconf 80' lang='lat' dir='ltr'>adjicit,</span> <span class='ocrx_word' id='word_1_113' title='bbox 687 611 757 648; x_wconf 76' lang='lat' dir='ltr'>Qnoe</span> <span class='ocrx_word' id='word_1_114' title='bbox 771 615 838 637; x_wconf 74' lang='lat' dir='ltr'>sunt</span> <span class='ocrx_word' id='word_1_115' title='bbox 854 609 926 645; x_wconf 75' lang='lat' dir='ltr'>Dei5</span> <span class='ocrx_word' id='word_1_116' title='bbox 943 618 1012 647; x_wconf 75' lang='lat' dir='ltr'>saepe</span> 
     </span>
     <span class='ocr_line' id='line_1_15' title="bbox 271 654 1010 691; baseline -0.003 -6"><span class='ocrx_word' id='word_1_117' title='bbox 271 656 348 685; x_wconf 89' lang='lat' dir='ltr'>nobis</span> <span class='ocrx_word' id='word_1_118' title='bbox 362 657 388 685; x_wconf 94' lang='lat' dir='ltr'>in</span> <span class='ocrx_word' id='word_1_119' title='bbox 399 656 556 685; x_wconf 81' lang='lat' dir='ltr'>memoriam</span> <span class='ocrx_word' id='word_1_120' title='bbox 568 666 704 691; x_wconf 76' lang='lat' dir='ltr'>revocans,</span> <span class='ocrx_word' id='word_1_121' title='bbox 721 654 810 683; x_wconf 89' lang='lat' dir='ltr'>omnia</span> <span class='ocrx_word' id='word_1_122' title='bbox 822 654 931 682; x_wconf 86' lang='lat' dir='ltr'>Domini</span> <span class='ocrx_word' id='word_1_123' title='bbox 943 664 1010 691; x_wconf 84' lang='lat' dir='ltr'>esse,</span> 
     </span>
     <span class='ocr_line' id='line_1_16' title="bbox 270 700 1012 742; baseline -0.001 -11"><span class='ocrx_word' id='word_1_124' title='bbox 270 713 377 742; x_wconf 59' lang='lat' dir='ltr'>corpus,</span> <span class='ocrx_word' id='word_1_125' title='bbox 391 703 507 731; x_wconf 79' lang='lat' dir='ltr'>animam</span> <span class='ocrx_word' id='word_1_126' title='bbox 517 709 542 730; x_wconf 83' lang='lat' dir='ltr'>et</span> <span class='ocrx_word' id='word_1_127' title='bbox 552 702 684 741; x_wconf 83' lang='lat' dir='ltr'>spiritum.</span> <span class='ocrx_word' id='word_1_128' title='bbox 694 701 840 730; x_wconf 82' lang='lat' dir='ltr'>Enimvero</span> <span class='ocrx_word' id='word_1_129' title='bbox 848 700 958 738; x_wconf 86' lang='lat' dir='ltr'>quidam</span> <span class='ocrx_word' id='word_1_130' title='bbox 968 701 1012 730; x_wconf 85' lang='lat' dir='ltr'>di—</span> 
     </span>
     <span class='ocr_line' id='line_1_17' title="bbox 272 746 1010 786; baseline 0 -10"><span class='ocrx_word' id='word_1_131' title='bbox 272 755 351 785; x_wconf 80' lang='lat' dir='ltr'>cunt,</span> <span class='ocrx_word' id='word_1_132' title='bbox 365 748 443 783; x_wconf 87' lang='lat' dir='ltr'>illud,</span> <span class='ocrx_word' id='word_1_133' title='bbox 455 750 493 775; x_wconf 84' lang='lat' dir='ltr'>In</span> <span class='ocrx_word' id='word_1_134' title='bbox 511 747 623 786; x_wconf 67' lang='lat' dir='ltr'>spir-iia,</span> <span class='ocrx_word' id='word_1_135' title='bbox 646 747 701 775; x_wconf 84' lang='lat' dir='ltr'>dici</span> <span class='ocrx_word' id='word_1_136' title='bbox 713 746 788 785; x_wconf 85' lang='lat' dir='ltr'>quasi</span> <span class='ocrx_word' id='word_1_137' title='bbox 800 746 828 774; x_wconf 86' lang='lat' dir='ltr'>in</span> <span class='ocrx_word' id='word_1_138' title='bbox 844 746 1010 776; x_wconf 79' lang='lat' dir='ltr'>charismate.</span> 
     </span>
     <span class='ocr_line' id='line_1_18' title="bbox 271 792 1009 831; baseline -0.003 -9"><span class='ocrx_word' id='word_1_139' title='bbox 271 795 340 822; x_wconf 68' lang='lat' dir='ltr'>Nam</span> <span class='ocrx_word' id='word_1_140' title='bbox 361 794 384 823; x_wconf 87' lang='lat' dir='ltr'>si</span> <span class='ocrx_word' id='word_1_141' title='bbox 399 793 467 821; x_wconf 89' lang='lat' dir='ltr'>illud</span> <span class='ocrx_word' id='word_1_142' title='bbox 482 793 508 821; x_wconf 90' lang='lat' dir='ltr'>in</span> <span class='ocrx_word' id='word_1_143' title='bbox 523 794 599 822; x_wconf 88' lang='lat' dir='ltr'>nobis</span> <span class='ocrx_word' id='word_1_144' title='bbox 617 793 709 826; x_wconf 84' lang='lat' dir='ltr'>fuerit,</span> <span class='ocrx_word' id='word_1_145' title='bbox 727 793 799 821; x_wconf 83' lang='lat' dir='ltr'>Deus</span> <span class='ocrx_word' id='word_1_146' title='bbox 820 792 1009 831; x_wconf 48' lang='lat' dir='ltr'>glorificatum</span> 
     </span>
     <span class='ocr_line' id='line_1_19' title="bbox 268 838 1010 875; baseline 0.001 -8"><span class='ocrx_word' id='word_1_147' title='bbox 268 840 317 867; x_wconf 89' lang='lat' dir='ltr'>erit</span> <span class='ocrx_word' id='word_1_148' title='bbox 329 846 427 875; x_wconf 85' lang='lat' dir='ltr'>autem,</span> <span class='ocrx_word' id='word_1_149' title='bbox 441 839 462 867; x_wconf 87' lang='lat' dir='ltr'>si</span> <span class='ocrx_word' id='word_1_150' title='bbox 477 849 522 867; x_wconf 92' lang='lat' dir='ltr'>cor</span> <span class='ocrx_word' id='word_1_151' title='bbox 535 838 666 867; x_wconf 85' lang='lat' dir='ltr'>mundum</span> <span class='ocrx_word' id='word_1_152' title='bbox 683 838 838 868; x_wconf 75' lang='lat' dir='ltr'>habeamus,</span> <span class='ocrx_word' id='word_1_153' title='bbox 857 838 906 866; x_wconf 81' lang='lat' dir='ltr'>Dei</span> <span class='ocrx_word' id='word_1_154' title='bbox 921 845 1010 868; x_wconf 85' lang='lat' dir='ltr'>autem</span> 
     </span>
     <span class='ocr_line' id='line_1_20' title="bbox 266 883 1010 924; baseline 0 -11"><span class='ocrx_word' id='word_1_155' title='bbox 266 884 314 913; x_wconf 83' lang='lat' dir='ltr'>illa</span> <span class='ocrx_word' id='word_1_156' title='bbox 329 895 384 913; x_wconf 82' lang='lat' dir='ltr'>csse</span> <span class='ocrx_word' id='word_1_157' title='bbox 400 885 480 922; x_wconf 78' lang='lat' dir='ltr'>dixit,</span> <span class='ocrx_word' id='word_1_158' title='bbox 505 896 555 913; x_wconf 89' lang='lat' dir='ltr'>non</span> <span class='ocrx_word' id='word_1_159' title='bbox 571 884 652 913; x_wconf 87' lang='lat' dir='ltr'>modo</span> <span class='ocrx_word' id='word_1_160' title='bbox 668 885 730 923; x_wconf 87' lang='lat' dir='ltr'>quia</span> <span class='ocrx_word' id='word_1_161' title='bbox 743 884 790 912; x_wconf 91' lang='lat' dir='ltr'>illa</span> <span class='ocrx_word' id='word_1_162' title='bbox 804 883 946 924; x_wconf 78' lang='lat' dir='ltr'>produxit,</span> <span class='ocrx_word' id='word_1_163' title='bbox 963 885 1010 914; x_wconf 89' lang='lat' dir='ltr'>sed</span> 
     </span>
     <span class='ocr_line' id='line_1_21' title="bbox 267 930 1008 970; baseline 0 -11"><span class='ocrx_word' id='word_1_164' title='bbox 267 931 329 969; x_wconf 84' lang='lat' dir='ltr'>quia</span> <span class='ocrx_word' id='word_1_165' title='bbox 343 931 499 969; x_wconf 77' lang='lat' dir='ltr'>abalienata,</span> <span class='ocrx_word' id='word_1_166' title='bbox 522 931 638 960; x_wconf 83' lang='lat' dir='ltr'>secundo</span> <span class='ocrx_word' id='word_1_167' title='bbox 653 942 745 959; x_wconf 85' lang='lat' dir='ltr'>rursus</span> <span class='ocrx_word' id='word_1_168' title='bbox 764 930 917 969; x_wconf 79' lang='lat' dir='ltr'>acquisivit,</span> <span class='ocrx_word' id='word_1_169' title='bbox 941 942 1008 970; x_wconf 88' lang='lat' dir='ltr'>pre-</span> 
     </span>
     <span class='ocr_line' id='line_1_22' title="bbox 266 976 1007 1016; baseline 0.001 -11"><span class='ocrx_word' id='word_1_170' title='bbox 266 977 332 1005; x_wconf 87' lang='lat' dir='ltr'>tium</span> <span class='ocrx_word' id='word_1_171' title='bbox 349 988 447 1016; x_wconf 86' lang='lat' dir='ltr'>ponens</span> <span class='ocrx_word' id='word_1_172' title='bbox 467 977 622 1016; x_wconf 81' lang='lat' dir='ltr'>sauguinem</span> <span class='ocrx_word' id='word_1_173' title='bbox 642 976 716 1005; x_wconf 88' lang='lat' dir='ltr'>Filii.</span> <span class='ocrx_word' id='word_1_174' title='bbox 740 976 811 1006; x_wconf 84' lang='lat' dir='ltr'>Vide</span> <span class='ocrx_word' id='word_1_175' title='bbox 830 976 964 1015; x_wconf 86' lang='lat' dir='ltr'>quomodo</span> <span class='ocrx_word' id='word_1_176' title='bbox 980 977 1007 1006; x_wconf 84' lang='lat' dir='ltr'>iu</span> 
     </span>
     <span class='ocr_line' id='line_1_23' title="bbox 267 1022 1009 1062; baseline -0.001 -11"><span class='ocrx_word' id='word_1_177' title='bbox 267 1023 373 1052; x_wconf 87' lang='lat' dir='ltr'>Christo</span> <span class='ocrx_word' id='word_1_178' title='bbox 393 1031 476 1052; x_wconf 83' lang='lat' dir='ltr'>totum</span> <span class='ocrx_word' id='word_1_179' title='bbox 495 1023 605 1062; x_wconf 85' lang='lat' dir='ltr'>perfecit</span> <span class='ocrx_word' id='word_1_180' title='bbox 624 1035 630 1051; x_wconf 67' lang='grc' dir='ltr'>τ</span> <span class='ocrx_word' id='word_1_181' title='bbox 650 1022 784 1061; x_wconf 85' lang='lat' dir='ltr'>quomodo</span> <span class='ocrx_word' id='word_1_182' title='bbox 803 1032 852 1051; x_wconf 89' lang='lat' dir='ltr'>nos</span> <span class='ocrx_word' id='word_1_183' title='bbox 873 1022 900 1050; x_wconf 89' lang='lat' dir='ltr'>in</span> <span class='ocrx_word' id='word_1_184' title='bbox 915 1022 1009 1051; x_wconf 86' lang='lat' dir='ltr'>caelum</span> 
     </span>
     <span class='ocr_line' id='line_1_24' title="bbox 266 1068 1009 1107; baseline -0.001 -10"><span class='ocrx_word' id='word_1_185' title='bbox 266 1069 390 1098; x_wconf 79' lang='lat' dir='ltr'>adduxit.</span> <span class='ocrx_word' id='word_1_186' title='bbox 409 1069 531 1098; x_wconf 82' lang='lat' dir='ltr'>Membra</span> <span class='ocrx_word' id='word_1_187' title='bbox 545 1068 606 1097; x_wconf 86' lang='lat' dir='ltr'>estis</span> <span class='ocrx_word' id='word_1_188' title='bbox 627 1068 738 1105; x_wconf 82' lang='lat' dir='ltr'>Christi,</span> <span class='ocrx_word' id='word_1_189' title='bbox 765 1068 861 1106; x_wconf 83' lang='lat' dir='ltr'>inquit,</span> <span class='ocrx_word' id='word_1_190' title='bbox 879 1068 1009 1107; x_wconf 85' lang='lat' dir='ltr'>templum</span> 
     </span>
     <span class='ocr_line' id='line_1_25' title="bbox 266 1115 1004 1156; baseline -0.001 -12"><span class='ocrx_word' id='word_1_191' title='bbox 266 1116 328 1144; x_wconf 87' lang='lat' dir='ltr'>estis</span> <span class='ocrx_word' id='word_1_192' title='bbox 348 1116 465 1156; x_wconf 77' lang='lat' dir='ltr'>Spiritus</span> <span class='ocrx_word' id='word_1_193' title='bbox 478 1128 483 1144; x_wconf 91' lang='lat'><strong>:</strong></span> <span class='ocrx_word' id='word_1_194' title='bbox 496 1127 529 1144; x_wconf 90' lang='lat' dir='ltr'>ne</span> <span class='ocrx_word' id='word_1_195' title='bbox 551 1126 613 1154; x_wconf 82' lang='lat' dir='ltr'>ergo</span> <span class='ocrx_word' id='word_1_196' title='bbox 629 1116 686 1144; x_wconf 87' lang='lat' dir='ltr'>sitis</span> <span class='ocrx_word' id='word_1_197' title='bbox 701 1115 821 1144; x_wconf 83' lang='lat' dir='ltr'>membra</span> <span class='ocrx_word' id='word_1_198' title='bbox 835 1115 981 1143; x_wconf 84' lang='lat' dir='ltr'>meretricis</span> <span class='ocrx_word' id='word_1_199' title='bbox 998 1127 1004 1142; x_wconf 87' lang='lat'>:</span> 
     </span>
     <span class='ocr_line' id='line_1_26' title="bbox 267 1161 1007 1202; baseline -0.003 -11"><span class='ocrx_word' id='word_1_200' title='bbox 267 1173 320 1191; x_wconf 90' lang='lat' dir='ltr'>non</span> <span class='ocrx_word' id='word_1_201' title='bbox 332 1163 402 1191; x_wconf 85' lang='lat' dir='ltr'>enim</span> <span class='ocrx_word' id='word_1_202' title='bbox 414 1173 510 1202; x_wconf 79' lang='lat' dir='ltr'>corpus</span> <span class='ocrx_word' id='word_1_203' title='bbox 521 1169 638 1191; x_wconf 77' lang='lat' dir='ltr'>vestrum</span> <span class='ocrx_word' id='word_1_204' title='bbox 649 1161 810 1190; x_wconf 79' lang='lat' dir='ltr'>contumelia</span> <span class='ocrx_word' id='word_1_205' title='bbox 818 1161 902 1189; x_wconf 78' lang='lat' dir='ltr'>afficit</span> <span class='ocrx_word' id='word_1_206' title='bbox 910 1172 949 1198; x_wconf 84' lang='lat' dir='ltr'>ur;</span> <span class='ocrx_word' id='word_1_207' title='bbox 962 1172 1007 1190; x_wconf 87' lang='lat' dir='ltr'>ne-</span> 
     </span>
     <span class='ocr_line' id='line_1_27' title="bbox 267 1207 1008 1249; baseline -0.001 -12"><span class='ocrx_word' id='word_1_208' title='bbox 267 1220 318 1248; x_wconf 91' lang='lat' dir='ltr'>que</span> <span class='ocrx_word' id='word_1_209' title='bbox 332 1220 428 1249; x_wconf 83' lang='lat' dir='ltr'>corpus</span> <span class='ocrx_word' id='word_1_210' title='bbox 447 1216 566 1238; x_wconf 82' lang='lat' dir='ltr'>vestrum</span> <span class='ocrx_word' id='word_1_211' title='bbox 586 1215 635 1245; x_wconf 88' lang='lat' dir='ltr'>est,</span> <span class='ocrx_word' id='word_1_212' title='bbox 653 1207 699 1237; x_wconf 82' lang='lat' dir='ltr'>sed</span> <span class='ocrx_word' id='word_1_213' title='bbox 719 1208 829 1237; x_wconf 82' lang='lat' dir='ltr'>Christi.</span> <span class='ocrx_word' id='word_1_214' title='bbox 850 1207 911 1236; x_wconf 79' lang='lat' dir='ltr'>Haec</span> <span class='ocrx_word' id='word_1_215' title='bbox 929 1218 1008 1247; x_wconf 85' lang='lat' dir='ltr'>porro</span> 
     </span>
     <span class='ocr_line' id='line_1_28' title="bbox 266 1254 1009 1294; baseline -0.001 -10"><span class='ocrx_word' id='word_1_216' title='bbox 266 1255 348 1293; x_wconf 78' lang='lat' dir='ltr'>dixit,</span> <span class='ocrx_word' id='word_1_217' title='bbox 365 1256 446 1284; x_wconf 86' lang='lat' dir='ltr'>simul</span> <span class='ocrx_word' id='word_1_218' title='bbox 462 1256 653 1294; x_wconf 79' lang='lat' dir='ltr'>benignitatem</span> <span class='ocrx_word' id='word_1_219' title='bbox 675 1255 731 1294; x_wconf 82' lang='lat' dir='ltr'>ejus</span> <span class='ocrx_word' id='word_1_220' title='bbox 752 1255 909 1293; x_wconf 79' lang='lat' dir='ltr'>ostendens,</span> <span class='ocrx_word' id='word_1_221' title='bbox 936 1254 1009 1292; x_wconf 83' lang='lat' dir='ltr'>quod</span> 
     </span>
     <span class='ocr_line' id='line_1_29' title="bbox 266 1301 1010 1341; baseline -0.001 -11"><span class='ocrx_word' id='word_1_222' title='bbox 266 1312 363 1341; x_wconf 84' lang='lat' dir='ltr'>corpus</span> <span class='ocrx_word' id='word_1_223' title='bbox 373 1309 492 1330; x_wconf 88' lang='lat' dir='ltr'>nostrum</span> <span class='ocrx_word' id='word_1_224' title='bbox 505 1302 537 1330; x_wconf 89' lang='lat' dir='ltr'>sit</span> <span class='ocrx_word' id='word_1_225' title='bbox 549 1312 636 1337; x_wconf 88' lang='lat' dir='ltr'>suum,</span> <span class='ocrx_word' id='word_1_226' title='bbox 649 1308 674 1329; x_wconf 85' lang='lat' dir='ltr'>et</span> <span class='ocrx_word' id='word_1_227' title='bbox 685 1308 738 1329; x_wconf 83' lang='lat' dir='ltr'>uta</span> <span class='ocrx_word' id='word_1_228' title='bbox 751 1301 867 1339; x_wconf 81' lang='lat' dir='ltr'>maligna</span> <span class='ocrx_word' id='word_1_229' title='bbox 881 1307 1010 1340; x_wconf 76' lang='lat' dir='ltr'>potestate</span> 
     </span>
     <span class='ocr_line' id='line_1_30' title="bbox 266 1346 1007 1387; baseline -0.003 -11"><span class='ocrx_word' id='word_1_230' title='bbox 266 1358 314 1376; x_wconf 93' lang='lat' dir='ltr'>nos</span> <span class='ocrx_word' id='word_1_231' title='bbox 328 1348 431 1387; x_wconf 87' lang='lat' dir='ltr'>eripiat.</span> <span class='ocrx_word' id='word_1_232' title='bbox 452 1348 520 1376; x_wconf 85' lang='lat' dir='ltr'>Nam</span> <span class='ocrx_word' id='word_1_233' title='bbox 535 1346 558 1375; x_wconf 84' lang='lat' dir='ltr'>si</span> <span class='ocrx_word' id='word_1_234' title='bbox 571 1347 688 1375; x_wconf 80' lang='lat' dir='ltr'>alienum</span> <span class='ocrx_word' id='word_1_235' title='bbox 709 1353 747 1375; x_wconf 84' lang='lat' dir='ltr'>est</span> <span class='ocrx_word' id='word_1_236' title='bbox 762 1357 868 1386; x_wconf 79' lang='lat' dir='ltr'>corpus,</span> <span class='ocrx_word' id='word_1_237' title='bbox 890 1357 942 1375; x_wconf 88' lang='lat' dir='ltr'>non</span> <span class='ocrx_word' id='word_1_238' title='bbox 956 1357 1007 1385; x_wconf 89' lang='lat' dir='ltr'>po-</span> 
     </span>
     <span class='ocr_line' id='line_1_31' title="bbox 266 1394 1009 1434; baseline -0.003 -10"><span class='ocrx_word' id='word_1_239' title='bbox 266 1403 386 1424; x_wconf 80' lang='lat' dir='ltr'>testatem</span> <span class='ocrx_word' id='word_1_240' title='bbox 406 1395 510 1424; x_wconf 86' lang='lat' dir='ltr'>habetis</span> <span class='ocrx_word' id='word_1_241' title='bbox 532 1394 611 1423; x_wconf 70' lang='lat' dir='ltr'>alieni</span> <span class='ocrx_word' id='word_1_242' title='bbox 630 1394 748 1434; x_wconf 88' lang='lat' dir='ltr'>corporis</span> <span class='ocrx_word' id='word_1_243' title='bbox 769 1394 929 1423; x_wconf 83' lang='lat' dir='ltr'>contumelia</span> <span class='ocrx_word' id='word_1_244' title='bbox 950 1394 1009 1422; x_wconf 86' lang='lat' dir='ltr'>affi-</span> 
     </span>
    </p>
   </div>
   <div class='ocr_carea' id='block_1_7' title="bbox 1066 470 1836 879">
    <p class='ocr_par' dir='ltr' id='par_1_7' title="bbox 1066 470 1836 879">
     <span class='ocr_line' id='line_1_32' title="bbox 1067 470 1833 511; baseline 0.005 -13"><span class='ocrx_word' id='word_1_245' title='bbox 1067 470 1111 498; x_wconf 85' lang='grc' dir='ltr'>καὶ</span> <span class='ocrx_word' id='word_1_246' title='bbox 1125 470 1238 499; x_wconf 75' lang='grc' dir='ltr'>ἐλαύνειν</span> <span class='ocrx_word' id='word_1_247' title='bbox 1253 471 1299 506; x_wconf 75' lang='grc' dir='ltr'>τὴν</span> <span class='ocrx_word' id='word_1_248' title='bbox 1310 471 1397 511; x_wconf 79' lang='grc' dir='ltr'>χάριν.</span> <span class='ocrx_word' id='word_1_249' title='bbox 1411 471 1504 501; x_wconf 73' lang='grc' dir='ltr'>Ἅτινά</span> <span class='ocrx_word' id='word_1_250' title='bbox 1516 475 1570 501; x_wconf 76' lang='grc' dir='ltr'>ἐστι</span> <span class='ocrx_word' id='word_1_251' title='bbox 1581 477 1626 502; x_wconf 77' lang='grc' dir='ltr'>τοῦ</span> <span class='ocrx_word' id='word_1_252' title='bbox 1634 475 1714 502; x_wconf 71' lang='grc' dir='ltr'>Θεοῦ.</span> <span class='ocrx_word' id='word_1_253' title='bbox 1722 472 1833 508; x_wconf 80' lang='grc' dir='ltr'>Ἐπειδὴ</span> 
     </span>
     <span class='ocr_line' id='line_1_33' title="bbox 1066 512 1835 559; baseline 0.005 -15"><span class='ocrx_word' id='word_1_254' title='bbox 1066 517 1117 555; x_wconf 86' lang='grc' dir='ltr'>γὰρ</span> <span class='ocrx_word' id='word_1_255' title='bbox 1138 512 1219 553; x_wconf 69' lang='grc' dir='ltr'>εἶπεν,</span> <span class='ocrx_word' id='word_1_256' title='bbox 1233 517 1338 555; x_wconf 75' lang='grc' dir='ltr'>Ἱ“μῶν,</span> <span class='ocrx_word' id='word_1_257' title='bbox 1364 518 1406 547; x_wconf 71' lang='grc' dir='ltr'>διὰ</span> <span class='ocrx_word' id='word_1_258' title='bbox 1421 522 1496 547; x_wconf 76' lang='grc' dir='ltr'>τοῦτο</span> <span class='ocrx_word' id='word_1_259' title='bbox 1519 519 1659 559; x_wconf 74' lang='grc' dir='ltr'>ἐπήγαγεν,</span> <span class='ocrx_word' id='word_1_260' title='bbox 1673 519 1765 548; x_wconf 68' lang='grc' dir='ltr'>’Ἀτινά</span> <span class='ocrx_word' id='word_1_261' title='bbox 1779 521 1835 548; x_wconf 80' lang='grc' dir='ltr'>ἐστι</span> 
     </span>
     <span class='ocr_line' id='line_1_34' title="bbox 1067 564 1835 604; baseline 0.004 -14"><span class='ocrx_word' id='word_1_262' title='bbox 1067 565 1111 591; x_wconf 79' lang='grc' dir='ltr'>τοῦ</span> <span class='ocrx_word' id='word_1_263' title='bbox 1125 564 1208 598; x_wconf 77' lang='grc' dir='ltr'>Θεοῦ,</span> <span class='ocrx_word' id='word_1_264' title='bbox 1230 566 1345 603; x_wconf 78' lang='grc' dir='ltr'>συνεχῶς</span> <span class='ocrx_word' id='word_1_265' title='bbox 1366 565 1572 603; x_wconf 69' lang='grc' dir='ltr'>ἀναμιμνήσκυΝ</span> <span class='ocrx_word' id='word_1_266' title='bbox 1586 568 1671 604; x_wconf 78' lang='grc' dir='ltr'>ἡμᾶς,</span> <span class='ocrx_word' id='word_1_267' title='bbox 1693 565 1732 594; x_wconf 74' lang='grc' dir='ltr'>ὅτι</span> <span class='ocrx_word' id='word_1_268' title='bbox 1747 565 1835 594; x_wconf 82' lang='grc' dir='ltr'>πάντα</span> 
     </span>
     <span class='ocr_line' id='line_1_35' title="bbox 1068 609 1835 650; baseline 0.005 -14"><span class='ocrx_word' id='word_1_269' title='bbox 1068 609 1223 643; x_wconf 75' lang='grc' dir='ltr'>δεσποτικὰ,</span> <span class='ocrx_word' id='word_1_270' title='bbox 1235 610 1280 638; x_wconf 81' lang='grc' dir='ltr'>καὶ</span> <span class='ocrx_word' id='word_1_271' title='bbox 1293 612 1370 648; x_wconf 84' lang='grc' dir='ltr'>σῶμα</span> <span class='ocrx_word' id='word_1_272' title='bbox 1385 611 1429 639; x_wconf 81' lang='grc' dir='ltr'>καὶ</span> <span class='ocrx_word' id='word_1_273' title='bbox 1441 611 1512 650; x_wconf 73' lang='grc' dir='ltr'>ψυχὴ</span> <span class='ocrx_word' id='word_1_274' title='bbox 1528 611 1572 640; x_wconf 72' lang='grc' dir='ltr'>καὶ</span> <span class='ocrx_word' id='word_1_275' title='bbox 1586 614 1697 649; x_wconf 80' lang='grc' dir='ltr'>πνεῦμα.</span> <span class='ocrx_word' id='word_1_276' title='bbox 1718 610 1770 640; x_wconf 79' lang='grc' dir='ltr'>Καὶ</span> <span class='ocrx_word' id='word_1_277' title='bbox 1782 611 1835 650; x_wconf 75' lang='grc' dir='ltr'>γάρ</span> 
     </span>
     <span class='ocr_line' id='line_1_36' title="bbox 1067 653 1835 696; baseline 0.005 -14"><span class='ocrx_word' id='word_1_278' title='bbox 1067 653 1134 686; x_wconf 78' lang='grc' dir='ltr'>τινές</span> <span class='ocrx_word' id='word_1_279' title='bbox 1152 653 1301 695; x_wconf 69' lang='grc' dir='ltr'>ι’φασι,Τῷ</span> <span class='ocrx_word' id='word_1_280' title='bbox 1313 655 1456 694; x_wconf 82' lang='grc' dir='ltr'>πνεύματι,</span> <span class='ocrx_word' id='word_1_281' title='bbox 1469 659 1507 696; x_wconf 85' lang='grc' dir='ltr'>τῷ</span> <span class='ocrx_word' id='word_1_282' title='bbox 1521 656 1667 696; x_wconf 74' lang='grc' dir='ltr'>χαρίσματι</span> <span class='ocrx_word' id='word_1_283' title='bbox 1684 657 1778 696; x_wconf 82' lang='grc' dir='ltr'>λέγειν.</span> <span class='ocrx_word' id='word_1_284' title='bbox 1789 657 1835 686; x_wconf 86' lang='grc' dir='ltr'>Ἂν</span> 
     </span>
     <span class='ocr_line' id='line_1_37' title="bbox 1067 697 1835 740; baseline 0.007 -12"><span class='ocrx_word' id='word_1_285' title='bbox 1067 699 1117 739; x_wconf 88' lang='grc' dir='ltr'>γὰρ</span> <span class='ocrx_word' id='word_1_286' title='bbox 1131 702 1213 729; x_wconf 79' lang='grc' dir='ltr'>ἐκεῖνο</span> <span class='ocrx_word' id='word_1_287' title='bbox 1229 697 1320 740; x_wconf 75' lang='grc' dir='ltr'>ᾗπαρ’</span> <span class='ocrx_word' id='word_1_288' title='bbox 1335 705 1408 740; x_wconf 85' lang='grc' dir='ltr'>ἡμῖν,</span> <span class='ocrx_word' id='word_1_289' title='bbox 1425 702 1558 735; x_wconf 72' lang='grc' dir='ltr'>δοξάζεται</span> <span class='ocrx_word' id='word_1_290' title='bbox 1572 705 1585 731; x_wconf 88' lang='grc' dir='ltr'>ὁ</span> <span class='ocrx_word' id='word_1_291' title='bbox 1607 703 1674 736; x_wconf 83' lang='grc' dir='ltr'>Θεός</span> <span class='ocrx_word' id='word_1_292' title='bbox 1684 715 1690 720; x_wconf 90' lang='grc'><strong><em>·</em></strong></span> <span class='ocrx_word' id='word_1_293' title='bbox 1710 703 1783 732; x_wconf 83' lang='grc' dir='ltr'>ἔσται</span> <span class='ocrx_word' id='word_1_294' title='bbox 1791 703 1817 733; x_wconf 77' lang='grc' dir='ltr'>δὲ</span> <span class='ocrx_word' id='word_1_295' title='bbox 1827 726 1835 738; x_wconf 89' lang='grc'>,</span> 
     </span>
     <span class='ocr_line' id='line_1_38' title="bbox 1068 746 1836 789; baseline 0.005 -15"><span class='ocrx_word' id='word_1_296' title='bbox 1068 746 1098 774; x_wconf 85' lang='grc' dir='ltr'>ἂν</span> <span class='ocrx_word' id='word_1_297' title='bbox 1113 747 1230 786; x_wconf 74' lang='grc' dir='ltr'>καθαρὰν</span> <span class='ocrx_word' id='word_1_298' title='bbox 1247 748 1354 787; x_wconf 77' lang='grc' dir='ltr'>καρδίαν</span> <span class='ocrx_word' id='word_1_299' title='bbox 1367 748 1479 788; x_wconf 70' lang='grc' dir='ltr'>ἔχωμεν.</span> <span class='ocrx_word' id='word_1_300' title='bbox 1496 749 1550 777; x_wconf 80' lang='grc' dir='ltr'>Τοῦ</span> <span class='ocrx_word' id='word_1_301' title='bbox 1565 750 1634 778; x_wconf 74' lang='grc' dir='ltr'>Θεοῦ</span> <span class='ocrx_word' id='word_1_302' title='bbox 1647 749 1674 778; x_wconf 75' lang='grc' dir='ltr'>δὲ</span> <span class='ocrx_word' id='word_1_303' title='bbox 1692 748 1759 777; x_wconf 78' lang='grc' dir='ltr'>αὐτὰ</span> <span class='ocrx_word' id='word_1_304' title='bbox 1775 749 1836 789; x_wconf 71' lang='grc' dir='ltr'>ἔφη·</span> 
     </span>
     <span class='ocr_line' id='line_1_39' title="bbox 1067 794 1831 833; baseline 0.005 -12"><span class='ocrx_word' id='word_1_305' title='bbox 1067 804 1119 828; x_wconf 87' lang='grc' dir='ltr'>σεν,</span> <span class='ocrx_word' id='word_1_306' title='bbox 1133 795 1180 821; x_wconf 75' lang='grc' dir='ltr'>οὐκ</span> <span class='ocrx_word' id='word_1_307' title='bbox 1202 794 1291 829; x_wconf 76' lang='grc' dir='ltr'>ἐπειδὴ</span> <span class='ocrx_word' id='word_1_308' title='bbox 1307 795 1459 833; x_wconf 72' lang='grc' dir='ltr'>παρήγαγεν</span> <span class='ocrx_word' id='word_1_309' title='bbox 1476 794 1541 823; x_wconf 78' lang='grc' dir='ltr'>αὐτὰ</span> <span class='ocrx_word' id='word_1_310' title='bbox 1565 795 1654 832; x_wconf 80' lang='grc' dir='ltr'>μόνον,</span> <span class='ocrx_word' id='word_1_311' title='bbox 1670 796 1728 824; x_wconf 80' lang='grc' dir='ltr'>ἀλλ’</span> <span class='ocrx_word' id='word_1_312' title='bbox 1741 795 1831 832; x_wconf 80' lang='grc' dir='ltr'>ἐπειδὴ</span> 
     </span>
     <span class='ocr_line' id='line_1_40' title="bbox 1067 839 1835 879; baseline 0.005 -12"><span class='ocrx_word' id='word_1_313' title='bbox 1067 839 1111 867; x_wconf 80' lang='grc' dir='ltr'>καὶ</span> <span class='ocrx_word' id='word_1_314' title='bbox 1135 839 1342 879; x_wconf 74' lang='grc' dir='ltr'>ἀλλοτριωθέντα</span> <span class='ocrx_word' id='word_1_315' title='bbox 1351 862 1359 876; x_wconf 89' lang='grc'>,</span> <span class='ocrx_word' id='word_1_316' title='bbox 1371 842 1400 869; x_wconf 78' lang='grc' dir='ltr'>ἐκ</span> <span class='ocrx_word' id='word_1_317' title='bbox 1409 839 1528 879; x_wconf 75' lang='grc' dir='ltr'>δευτέρου</span> <span class='ocrx_word' id='word_1_318' title='bbox 1543 841 1622 870; x_wconf 81' lang='grc' dir='ltr'>πάλιν</span> <span class='ocrx_word' id='word_1_319' title='bbox 1635 841 1763 876; x_wconf 71' lang='grc' dir='ltr'>ἐκτήσατο</span> <span class='ocrx_word' id='word_1_320' title='bbox 1772 864 1780 878; x_wconf 92' lang='grc'>,</span> <span class='ocrx_word' id='word_1_321' title='bbox 1793 854 1835 870; x_wconf 84' lang='grc' dir='ltr'>τι-</span> 
     </span>
    </p>
   </div>
   <div class='ocr_carea' id='block_1_8' title="bbox 1029 885 1833 927">
    <p class='ocr_par' dir='ltr' id='par_1_8' title="bbox 1029 885 1833 927">
     <span class='ocr_line' id='line_1_41' title="bbox 1029 885 1833 927; baseline 0.002 -13"><span class='ocrx_word' id='word_1_322' title='bbox 1029 891 1046 914; x_wconf 85' lang='grc' dir='ltr'><strong>Β</strong></span> <span class='ocrx_word' id='word_1_323' title='bbox 1071 885 1122 923; x_wconf 78' lang='grc' dir='ltr'>μὴν</span> <span class='ocrx_word' id='word_1_324' title='bbox 1144 885 1173 914; x_wconf 82' lang='grc' dir='ltr'>τὸ</span> <span class='ocrx_word' id='word_1_325' title='bbox 1187 889 1254 924; x_wconf 83' lang='grc' dir='ltr'>αἱμα</span> <span class='ocrx_word' id='word_1_326' title='bbox 1265 890 1309 915; x_wconf 79' lang='grc' dir='ltr'>τοῦ</span> <span class='ocrx_word' id='word_1_327' title='bbox 1327 887 1426 918; x_wconf 71' lang='grc' dir='ltr'>Παιδὸς</span> <span class='ocrx_word' id='word_1_328' title='bbox 1438 886 1568 920; x_wconf 83' lang='grc' dir='ltr'>καταθείς.</span> <span class='ocrx_word' id='word_1_329' title='bbox 1580 886 1653 927; x_wconf 59' lang='grc' dir='ltr'>ςὈρα</span> <span class='ocrx_word' id='word_1_330' title='bbox 1664 889 1720 921; x_wconf 74' lang='grc' dir='ltr'>πῶς</span> <span class='ocrx_word' id='word_1_331' title='bbox 1733 889 1770 921; x_wconf 86' lang='grc' dir='ltr'>εἷς</span> <span class='ocrx_word' id='word_1_332' title='bbox 1789 888 1833 917; x_wconf 77' lang='grc' dir='ltr'>τὸν</span> 
     </span>
    </p>
   </div>
   <div class='ocr_carea' id='block_1_9' title="bbox 1062 932 1834 1432">
    <p class='ocr_par' dir='ltr' id='par_1_9' title="bbox 1062 932 1834 1432">
     <span class='ocr_line' id='line_1_42' title="bbox 1066 932 1833 974; baseline 0.003 -14"><span class='ocrx_word' id='word_1_333' title='bbox 1066 932 1179 971; x_wconf 78' lang='grc' dir='ltr'>Χριστὸν</span> <span class='ocrx_word' id='word_1_334' title='bbox 1195 932 1225 961; x_wconf 85' lang='grc' dir='ltr'>τὸ</span> <span class='ocrx_word' id='word_1_335' title='bbox 1240 937 1292 961; x_wconf 69' lang='grc' dir='ltr'>πᾶν</span> <span class='ocrx_word' id='word_1_336' title='bbox 1309 933 1452 972; x_wconf 85' lang='grc' dir='ltr'>ἀπήρτισε·</span> <span class='ocrx_word' id='word_1_337' title='bbox 1467 935 1523 966; x_wconf 82' lang='grc' dir='ltr'>πῶς</span> <span class='ocrx_word' id='word_1_338' title='bbox 1539 936 1610 971; x_wconf 83' lang='grc' dir='ltr'>ἡμᾶς</span> <span class='ocrx_word' id='word_1_339' title='bbox 1623 935 1659 966; x_wconf 85' lang='grc' dir='ltr'>εἰς</span> <span class='ocrx_word' id='word_1_340' title='bbox 1672 934 1715 963; x_wconf 86' lang='grc' dir='ltr'>τὸν</span> <span class='ocrx_word' id='word_1_341' title='bbox 1727 933 1833 974; x_wconf 80' lang='grc' dir='ltr'>οὐρανὸν</span> 
     </span>
     <span class='ocr_line' id='line_1_43' title="bbox 1066 978 1833 1019; baseline 0.005 -14"><span class='ocrx_word' id='word_1_342' title='bbox 1066 978 1190 1017; x_wconf 78' lang='grc' dir='ltr'>ἀνήγαγε.</span> <span class='ocrx_word' id='word_1_343' title='bbox 1199 978 1274 1014; x_wconf 80' lang='grc' dir='ltr'>Μέλη</span> <span class='ocrx_word' id='word_1_344' title='bbox 1286 982 1330 1007; x_wconf 79' lang='grc' dir='ltr'>τοῦ</span> <span class='ocrx_word' id='word_1_345' title='bbox 1345 980 1460 1019; x_wconf 70' lang='grc' dir='ltr'>Χριστοῦ</span> <span class='ocrx_word' id='word_1_346' title='bbox 1473 981 1545 1015; x_wconf 78' lang='grc' dir='ltr'>ἔστε,</span> <span class='ocrx_word' id='word_1_347' title='bbox 1557 980 1636 1019; x_wconf 74' lang='grc' dir='ltr'>φησὶ,</span> <span class='ocrx_word' id='word_1_348' title='bbox 1646 980 1705 1014; x_wconf 84' lang='grc' dir='ltr'>ναός</span> <span class='ocrx_word' id='word_1_349' title='bbox 1719 982 1777 1009; x_wconf 80' lang='grc' dir='ltr'>ἐστε</span> <span class='ocrx_word' id='word_1_350' title='bbox 1787 983 1833 1009; x_wconf 79' lang='grc' dir='ltr'>τοῦ</span> 
     </span>
     <span class='ocr_line' id='line_1_44' title="bbox 1065 1024 1834 1066; baseline 0.005 -14"><span class='ocrx_word' id='word_1_351' title='bbox 1065 1024 1230 1062; x_wconf 77' lang='grc' dir='ltr'>Πνεύματος·</span> <span class='ocrx_word' id='word_1_352' title='bbox 1246 1024 1282 1062; x_wconf 83' lang='grc' dir='ltr'>μὴ</span> <span class='ocrx_word' id='word_1_353' title='bbox 1301 1025 1384 1053; x_wconf 78' lang='grc' dir='ltr'>τοίνυν</span> <span class='ocrx_word' id='word_1_354' title='bbox 1399 1024 1500 1063; x_wconf 78' lang='grc' dir='ltr'>γίνεσθε</span> <span class='ocrx_word' id='word_1_355' title='bbox 1525 1025 1622 1065; x_wconf 86' lang='grc' dir='ltr'>πόρνης</span> <span class='ocrx_word' id='word_1_356' title='bbox 1643 1026 1709 1064; x_wconf 73' lang='grc' dir='ltr'>με’λη</span> <span class='ocrx_word' id='word_1_357' title='bbox 1720 1037 1726 1043; x_wconf 92' lang='grc'><em>·</em></span> <span class='ocrx_word' id='word_1_358' title='bbox 1741 1027 1769 1055; x_wconf 81' lang='grc' dir='ltr'>οὗ</span> <span class='ocrx_word' id='word_1_359' title='bbox 1782 1026 1834 1066; x_wconf 88' lang='grc' dir='ltr'>γὰρ</span> 
     </span>
     <span class='ocr_line' id='line_1_45' title="bbox 1064 1070 1832 1110; baseline 0.004 -12"><span class='ocrx_word' id='word_1_360' title='bbox 1064 1070 1093 1099; x_wconf 81' lang='grc' dir='ltr'>τὸ</span> <span class='ocrx_word' id='word_1_361' title='bbox 1107 1072 1184 1108; x_wconf 74' lang='grc' dir='ltr'>σῶμα</span> <span class='ocrx_word' id='word_1_362' title='bbox 1199 1070 1228 1099; x_wconf 86' lang='grc' dir='ltr'>τὸ</span> <span class='ocrx_word' id='word_1_363' title='bbox 1241 1072 1314 1108; x_wconf 79' lang='grc' dir='ltr'>ὑμῶν</span> <span class='ocrx_word' id='word_1_364' title='bbox 1327 1070 1471 1107; x_wconf 63' lang='grc' dir='ltr'>ὑδρίζεται·</span> <span class='ocrx_word' id='word_1_365' title='bbox 1484 1071 1512 1099; x_wconf 79' lang='grc' dir='ltr'>οὐ</span> <span class='ocrx_word' id='word_1_366' title='bbox 1537 1071 1588 1110; x_wconf 81' lang='grc' dir='ltr'>γὰρ</span> <span class='ocrx_word' id='word_1_367' title='bbox 1604 1071 1634 1100; x_wconf 80' lang='grc' dir='ltr'>τὸ</span> <span class='ocrx_word' id='word_1_368' title='bbox 1657 1074 1735 1110; x_wconf 85' lang='grc' dir='ltr'>σῶμα</span> <span class='ocrx_word' id='word_1_369' title='bbox 1760 1075 1832 1110; x_wconf 77' lang='grc' dir='ltr'>ὑμῶν</span> 
     </span>
     <span class='ocr_line' id='line_1_46' title="bbox 1064 1116 1833 1156; baseline 0.004 -12"><span class='ocrx_word' id='word_1_370' title='bbox 1064 1117 1143 1152; x_wconf 80' lang='grc' dir='ltr'>ἐστιν,</span> <span class='ocrx_word' id='word_1_371' title='bbox 1155 1116 1222 1145; x_wconf 79' lang='grc' dir='ltr'>ἀλλὰ</span> <span class='ocrx_word' id='word_1_372' title='bbox 1237 1120 1283 1152; x_wconf 67' lang='grc' dir='ltr'>τοῦ</span> <span class='ocrx_word' id='word_1_373' title='bbox 1300 1117 1423 1156; x_wconf 72' lang='grc' dir='ltr'>Χριστοῦ.</span> <span class='ocrx_word' id='word_1_374' title='bbox 1440 1117 1534 1145; x_wconf 64' lang='grc' dir='ltr'>Ταῦτα</span> <span class='ocrx_word' id='word_1_375' title='bbox 1550 1116 1577 1145; x_wconf 83' lang='grc' dir='ltr'>δὲ</span> <span class='ocrx_word' id='word_1_376' title='bbox 1593 1116 1690 1155; x_wconf 83' lang='grc' dir='ltr'>ἔλεγεν,</span> <span class='ocrx_word' id='word_1_377' title='bbox 1705 1120 1770 1156; x_wconf 72' lang='grc' dir='ltr'>ὁμοῦ</span> <span class='ocrx_word' id='word_1_378' title='bbox 1788 1119 1833 1147; x_wconf 83' lang='grc' dir='ltr'>καὶ</span> 
     </span>
     <span class='ocr_line' id='line_1_47' title="bbox 1064 1161 1830 1202; baseline 0.004 -12"><span class='ocrx_word' id='word_1_379' title='bbox 1064 1161 1111 1196; x_wconf 76' lang='grc' dir='ltr'>τὴν</span> <span class='ocrx_word' id='word_1_380' title='bbox 1126 1162 1320 1201; x_wconf 67' lang='grc' dir='ltr'>φιλανθρωπίαν</span> <span class='ocrx_word' id='word_1_381' title='bbox 1336 1161 1527 1200; x_wconf 75' lang='grc' dir='ltr'>ἐνδεικνύμενος</span> <span class='ocrx_word' id='word_1_382' title='bbox 1538 1184 1545 1197; x_wconf 84' lang='grc'>,</span> <span class='ocrx_word' id='word_1_383' title='bbox 1564 1162 1603 1191; x_wconf 76' lang='grc' dir='ltr'>ὅτι</span> <span class='ocrx_word' id='word_1_384' title='bbox 1617 1164 1696 1192; x_wconf 77' lang='grc' dir='ltr'>αὐτοῦ</span> <span class='ocrx_word' id='word_1_385' title='bbox 1709 1163 1739 1193; x_wconf 82' lang='grc' dir='ltr'>τὸ</span> <span class='ocrx_word' id='word_1_386' title='bbox 1753 1166 1830 1202; x_wconf 79' lang='grc' dir='ltr'>σῶμα</span> 
     </span>
     <span class='ocr_line' id='line_1_48' title="bbox 1063 1207 1830 1250; baseline 0.001 -14"><span class='ocrx_word' id='word_1_387' title='bbox 1063 1207 1093 1236; x_wconf 80' lang='grc' dir='ltr'>τὸ</span> <span class='ocrx_word' id='word_1_388' title='bbox 1108 1208 1244 1249; x_wconf 73' lang='grc' dir='ltr'>ἡμέτερον,</span> <span class='ocrx_word' id='word_1_389' title='bbox 1256 1208 1300 1236; x_wconf 80' lang='grc' dir='ltr'>καὶ</span> <span class='ocrx_word' id='word_1_390' title='bbox 1313 1207 1479 1243; x_wconf 79' lang='grc' dir='ltr'>τ’ῆςέξουσίας</span> <span class='ocrx_word' id='word_1_391' title='bbox 1491 1209 1537 1243; x_wconf 74' lang='grc' dir='ltr'>τῆς</span> <span class='ocrx_word' id='word_1_392' title='bbox 1552 1212 1743 1248; x_wconf 77' lang='grc' dir='ltr'>πονηρᾶς-ἡμᾶς</span> <span class='ocrx_word' id='word_1_393' title='bbox 1755 1212 1830 1250; x_wconf 71' lang='grc' dir='ltr'>ἀφαι-</span> 
     </span>
     <span class='ocr_line' id='line_1_49' title="bbox 1065 1253 1831 1295; baseline 0.003 -12"><span class='ocrx_word' id='word_1_394' title='bbox 1065 1255 1194 1293; x_wconf 81' lang='grc' dir='ltr'>ρούμενος.</span> <span class='ocrx_word' id='word_1_395' title='bbox 1212 1255 1246 1284; x_wconf 84' lang='grc' dir='ltr'>Εἰ</span> <span class='ocrx_word' id='word_1_396' title='bbox 1257 1254 1306 1293; x_wconf 80' lang='grc' dir='ltr'>γὰρ</span> <span class='ocrx_word' id='word_1_397' title='bbox 1318 1253 1452 1293; x_wconf 78' lang='grc' dir='ltr'>ἀλλότριόν</span> <span class='ocrx_word' id='word_1_398' title='bbox 1469 1255 1525 1283; x_wconf 79' lang='grc' dir='ltr'>ἔστι</span> <span class='ocrx_word' id='word_1_399' title='bbox 1539 1254 1568 1283; x_wconf 84' lang='grc' dir='ltr'>τὸ</span> <span class='ocrx_word' id='word_1_400' title='bbox 1584 1257 1677 1294; x_wconf 78' lang='grc' dir='ltr'>σῶμα,</span> <span class='ocrx_word' id='word_1_401' title='bbox 1688 1257 1735 1285; x_wconf 79' lang='grc' dir='ltr'>οὐκ</span> <span class='ocrx_word' id='word_1_402' title='bbox 1756 1256 1831 1295; x_wconf 83' lang='grc' dir='ltr'>ἔχετε</span> 
     </span>
     <span class='ocr_line' id='line_1_50' title="bbox 1064 1300 1831 1340; baseline 0.003 -11"><span class='ocrx_word' id='word_1_403' title='bbox 1064 1300 1180 1334; x_wconf 78' lang='grc' dir='ltr'>ἐξουσίαν</span> <span class='ocrx_word' id='word_1_404' title='bbox 1207 1300 1341 1339; x_wconf 85' lang='grc' dir='ltr'>ἀλλότριον</span> <span class='ocrx_word' id='word_1_405' title='bbox 1364 1302 1442 1337; x_wconf 84' lang='grc' dir='ltr'>σῶμα</span> <span class='ocrx_word' id='word_1_406' title='bbox 1464 1300 1588 1340; x_wconf 65' lang='grc' dir='ltr'>ὑδρίζειν,</span> <span class='ocrx_word' id='word_1_407' title='bbox 1608 1301 1685 1340; x_wconf 80' lang='grc' dir='ltr'>φησὶ,</span> <span class='ocrx_word' id='word_1_408' title='bbox 1703 1301 1748 1330; x_wconf 84' lang='grc' dir='ltr'>καὶ</span> <span class='ocrx_word' id='word_1_409' title='bbox 1776 1302 1831 1340; x_wconf 83' lang='grc' dir='ltr'>μᾶ-</span> 
     </span>
     <span class='ocr_line' id='line_1_51' title="bbox 1062 1341 1832 1385; baseline 0.004 -11"><span class='ocrx_word' id='word_1_410' title='bbox 1062 1347 1139 1374; x_wconf 84' lang='grc' dir='ltr'>λιστα</span> <span class='ocrx_word' id='word_1_411' title='bbox 1150 1346 1211 1374; x_wconf 82' lang='grc' dir='ltr'>ὅταν</span> <span class='ocrx_word' id='word_1_412' title='bbox 1224 1341 1241 1385; x_wconf 66' lang='grc' dir='ltr'>ᾗ</span> <span class='ocrx_word' id='word_1_413' title='bbox 1254 1345 1415 1379; x_wconf 75' lang='grc' dir='ltr'>δεσποτικὸν,</span> <span class='ocrx_word' id='word_1_414' title='bbox 1425 1345 1482 1374; x_wconf 77' lang='grc' dir='ltr'>οὐδὲ</span> <span class='ocrx_word' id='word_1_415' title='bbox 1494 1346 1554 1375; x_wconf 85' lang='grc' dir='ltr'>ναὸν</span> <span class='ocrx_word' id='word_1_416' title='bbox 1567 1346 1685 1384; x_wconf 82' lang='grc' dir='ltr'>μολύνειν</span> <span class='ocrx_word' id='word_1_417' title='bbox 1695 1349 1739 1376; x_wconf 78' lang='grc' dir='ltr'>τοῦ</span> <span class='ocrx_word' id='word_1_418' title='bbox 1749 1347 1832 1377; x_wconf 84' lang='grc' dir='ltr'>Πνεύ-</span> 
     </span>
     <span class='ocr_line' id='line_1_52' title="bbox 1064 1391 1831 1432; baseline 0.003 -12"><span class='ocrx_word' id='word_1_419' title='bbox 1064 1403 1156 1429; x_wconf 85' lang='grc' dir='ltr'>ματος.</span> <span class='ocrx_word' id='word_1_420' title='bbox 1177 1393 1209 1420; x_wconf 75' lang='lat' dir='ltr'>Ei.</span> <span class='ocrx_word' id='word_1_421' title='bbox 1222 1391 1272 1431; x_wconf 77' lang='grc' dir='ltr'>γὰρ</span> <span class='ocrx_word' id='word_1_422' title='bbox 1287 1392 1405 1430; x_wconf 77' lang='grc' dir='ltr'>ἰδιωτικῇ</span> <span class='ocrx_word' id='word_1_423' title='bbox 1422 1403 1461 1424; x_wconf 87' lang='grc' dir='ltr'>τις</span> <span class='ocrx_word' id='word_1_424' title='bbox 1484 1391 1599 1420; x_wconf 78' lang='grc' dir='ltr'>ἐπελθὼν</span> <span class='ocrx_word' id='word_1_425' title='bbox 1611 1392 1695 1432; x_wconf 76' lang='grc' dir='ltr'>οἰκίᾳ,</span> <span class='ocrx_word' id='word_1_426' title='bbox 1718 1393 1764 1422; x_wconf 84' lang='grc' dir='ltr'>καὶ</span> <span class='ocrx_word' id='word_1_427' title='bbox 1779 1405 1831 1422; x_wconf 85' lang='grc' dir='ltr'>κω-</span> 
     </span>
    </p>
   </div>
   <div class='ocr_carea' id='block_1_10' title="bbox 267 1437 1833 1480">
    <p class='ocr_par' dir='ltr' id='par_1_10' title="bbox 267 1437 1833 1480">
     <span class='ocr_line' id='line_1_53' title="bbox 267 1437 1833 1480; baseline -0.001 -10"><span class='ocrx_word' id='word_1_428' title='bbox 267 1441 364 1478; x_wconf 86' lang='lat' dir='ltr'>ciendi,</span> <span class='ocrx_word' id='word_1_429' title='bbox 376 1441 474 1480; x_wconf 85' lang='lat' dir='ltr'>inquit,</span> <span class='ocrx_word' id='word_1_430' title='bbox 490 1441 608 1469; x_wconf 79' lang='lat' dir='ltr'>maxime</span> <span class='ocrx_word' id='word_1_431' title='bbox 621 1451 685 1469; x_wconf 81' lang='lat' dir='ltr'>vero</span> <span class='ocrx_word' id='word_1_432' title='bbox 699 1450 760 1468; x_wconf 89' lang='lat' dir='ltr'>cum</span> <span class='ocrx_word' id='word_1_433' title='bbox 772 1440 807 1468; x_wconf 91' lang='lat' dir='ltr'>sit</span> <span class='ocrx_word' id='word_1_434' title='bbox 821 1439 1006 1477; x_wconf 84' lang='lat' dir='ltr'>Dominicum,</span> <span class='ocrx_word' id='word_1_435' title='bbox 1026 1444 1044 1467; x_wconf 92' lang='lat' dir='ltr'>C</span> <span class='ocrx_word' id='word_1_436' title='bbox 1065 1437 1150 1475; x_wconf 77' lang='grc' dir='ltr'>μάσας</span> <span class='ocrx_word' id='word_1_437' title='bbox 1161 1439 1197 1470; x_wconf 86' lang='grc' dir='ltr'>εἷς</span> <span class='ocrx_word' id='word_1_438' title='bbox 1211 1437 1320 1473; x_wconf 77' lang='grc' dir='ltr'>ἐκείνην,</span> <span class='ocrx_word' id='word_1_439' title='bbox 1336 1437 1384 1472; x_wconf 78' lang='grc' dir='ltr'>τὴν</span> <span class='ocrx_word' id='word_1_440' title='bbox 1403 1437 1516 1476; x_wconf 55' lang='lat' dir='ltr'>&amp;quir-qv</span> <span class='ocrx_word' id='word_1_441' title='bbox 1530 1437 1608 1466; x_wconf 84' lang='grc' dir='ltr'>δώσει</span> <span class='ocrx_word' id='word_1_442' title='bbox 1623 1437 1712 1474; x_wconf 84' lang='grc' dir='ltr'>δίκην·</span> <span class='ocrx_word' id='word_1_443' title='bbox 1727 1440 1741 1467; x_wconf 82' lang='grc' dir='ltr'>ὁ</span> <span class='ocrx_word' id='word_1_444' title='bbox 1757 1441 1833 1478; x_wconf 82' lang='grc' dir='ltr'>βασι-</span> 
     </span>
    </p>
   </div>
   <div class='ocr_carea' id='block_1_11' title="bbox 266 1485 1014 2351">
    <p class='ocr_par' dir='ltr' id='par_1_11' title="bbox 266 1485 1014 2351">
     <span class='ocr_line' id='line_1_54' title="bbox 267 1485 1009 1526; baseline -0.003 -10"><span class='ocrx_word' id='word_1_445' title='bbox 267 1498 350 1526; x_wconf 83' lang='lat' dir='ltr'>neque</span> <span class='ocrx_word' id='word_1_446' title='bbox 364 1487 492 1526; x_wconf 83' lang='lat' dir='ltr'>templum</span> <span class='ocrx_word' id='word_1_447' title='bbox 504 1486 622 1526; x_wconf 77' lang='lat' dir='ltr'>Spiritus</span> <span class='ocrx_word' id='word_1_448' title='bbox 637 1485 802 1524; x_wconf 82' lang='lat' dir='ltr'>inquinandi.</span> <span class='ocrx_word' id='word_1_449' title='bbox 820 1486 849 1515; x_wconf 88' lang='lat' dir='ltr'>Si</span> <span class='ocrx_word' id='word_1_450' title='bbox 864 1485 924 1524; x_wconf 84' lang='lat' dir='ltr'>quis</span> <span class='ocrx_word' id='word_1_451' title='bbox 938 1486 1009 1514; x_wconf 88' lang='lat' dir='ltr'>enim</span> 
     </span>
     <span class='ocr_line' id='line_1_55' title="bbox 266 1531 1010 1573; baseline -0.003 -11"><span class='ocrx_word' id='word_1_452' title='bbox 266 1534 400 1573; x_wconf 80' lang='lat' dir='ltr'>privatam</span> <span class='ocrx_word' id='word_1_453' title='bbox 420 1533 531 1561; x_wconf 86' lang='lat' dir='ltr'>domum</span> <span class='ocrx_word' id='word_1_454' title='bbox 554 1532 698 1570; x_wconf 83' lang='lat' dir='ltr'>ingressus,</span> <span class='ocrx_word' id='word_1_455' title='bbox 717 1531 865 1571; x_wconf 77' lang='lat' dir='ltr'>petulanter</span> <span class='ocrx_word' id='word_1_456' title='bbox 879 1532 961 1570; x_wconf 82' lang='lat' dir='ltr'>egerit</span> <span class='ocrx_word' id='word_1_457' title='bbox 982 1532 1010 1560; x_wconf 93' lang='lat' dir='ltr'>in</span> 
     </span>
     <span class='ocr_line' id='line_1_56' title="bbox 266 1577 1010 1617; baseline -0.004 -9"><span class='ocrx_word' id='word_1_458' title='bbox 266 1580 323 1613; x_wconf 77' lang='lat' dir='ltr'>illa,</span> <span class='ocrx_word' id='word_1_459' title='bbox 349 1586 481 1607; x_wconf 80' lang='lat' dir='ltr'>extremas</span> <span class='ocrx_word' id='word_1_460' title='bbox 502 1578 578 1606; x_wconf 82' lang='lat' dir='ltr'>dabit</span> <span class='ocrx_word' id='word_1_461' title='bbox 602 1577 769 1617; x_wconf 86' lang='lat' dir='ltr'>poenas:qui</span> <span class='ocrx_word' id='word_1_462' title='bbox 792 1577 922 1617; x_wconf 83' lang='lat' dir='ltr'>templum</span> <span class='ocrx_word' id='word_1_463' title='bbox 941 1577 1010 1616; x_wconf 85' lang='lat' dir='ltr'>regis</span> 
     </span>
     <span class='ocr_line' id='line_1_57' title="bbox 267 1623 1011 1664; baseline -0.004 -10"><span class='ocrx_word' id='word_1_464' title='bbox 267 1624 462 1664; x_wconf 84' lang='lat' dir='ltr'>receptaculum</span> <span class='ocrx_word' id='word_1_465' title='bbox 477 1624 587 1653; x_wconf 90' lang='lat' dir='ltr'>latronis</span> <span class='ocrx_word' id='word_1_466' title='bbox 604 1623 706 1660; x_wconf 81' lang='lat' dir='ltr'>fecerit,</span> <span class='ocrx_word' id='word_1_467' title='bbox 724 1623 811 1661; x_wconf 82' lang='lat' dir='ltr'>cogita</span> <span class='ocrx_word' id='word_1_468' title='bbox 828 1630 928 1661; x_wconf 83' lang='lat' dir='ltr'>quanta</span> <span class='ocrx_word' id='word_1_469' title='bbox 948 1633 1011 1662; x_wconf 82' lang='lat' dir='ltr'>pas-</span> 
     </span>
     <span class='ocr_line' id='line_1_58' title="bbox 268 1669 1011 1709; baseline -0.004 -9"><span class='ocrx_word' id='word_1_470' title='bbox 268 1682 346 1700; x_wconf 87' lang='lat' dir='ltr'>surus</span> <span class='ocrx_word' id='word_1_471' title='bbox 365 1672 399 1700; x_wconf 85' lang='lat' dir='ltr'>sit</span> <span class='ocrx_word' id='word_1_472' title='bbox 416 1671 496 1699; x_wconf 86' lang='lat' dir='ltr'>mala.</span> <span class='ocrx_word' id='word_1_473' title='bbox 516 1670 579 1699; x_wconf 84' lang='lat' dir='ltr'>Haec</span> <span class='ocrx_word' id='word_1_474' title='bbox 592 1680 654 1709; x_wconf 83' lang='lat' dir='ltr'>ergo</span> <span class='ocrx_word' id='word_1_475' title='bbox 670 1669 798 1708; x_wconf 83' lang='lat' dir='ltr'>cogitans,</span> <span class='ocrx_word' id='word_1_476' title='bbox 816 1669 1011 1698; x_wconf 87' lang='lat' dir='ltr'>inhabitantem</span> 
     </span>
     <span class='ocr_line' id='line_1_59' title="bbox 268 1715 1011 1754; baseline -0.004 -8"><span class='ocrx_word' id='word_1_477' title='bbox 268 1728 400 1754; x_wconf 87' lang='lat' dir='ltr'>revererc;</span> <span class='ocrx_word' id='word_1_478' title='bbox 416 1717 438 1745; x_wconf 84' lang='lat' dir='ltr'>is</span> <span class='ocrx_word' id='word_1_479' title='bbox 456 1717 526 1745; x_wconf 90' lang='lat' dir='ltr'>enim</span> <span class='ocrx_word' id='word_1_480' title='bbox 539 1724 577 1745; x_wconf 85' lang='lat' dir='ltr'>est</span> <span class='ocrx_word' id='word_1_481' title='bbox 593 1716 745 1745; x_wconf 82' lang='lat' dir='ltr'>Paracletus</span> <span class='ocrx_word' id='word_1_482' title='bbox 758 1727 764 1743; x_wconf 76' lang='lat' dir='ltr'>z</span> <span class='ocrx_word' id='word_1_483' title='bbox 777 1715 840 1744; x_wconf 84' lang='lat' dir='ltr'>time</span> <span class='ocrx_word' id='word_1_484' title='bbox 856 1715 946 1753; x_wconf 82' lang='lat' dir='ltr'>illum,</span> <span class='ocrx_word' id='word_1_485' title='bbox 962 1715 1011 1753; x_wconf 85' lang='lat' dir='ltr'>qui</span> 
     </span>
     <span class='ocr_line' id='line_1_60' title="bbox 268 1761 1011 1802; baseline -0.004 -10"><span class='ocrx_word' id='word_1_486' title='bbox 268 1771 356 1792; x_wconf 79' lang='lat' dir='ltr'>tecum</span> <span class='ocrx_word' id='word_1_487' title='bbox 374 1763 547 1802; x_wconf 79' lang='lat' dir='ltr'>complicatus</span> <span class='ocrx_word' id='word_1_488' title='bbox 567 1769 605 1791; x_wconf 88' lang='lat' dir='ltr'>est</span> <span class='ocrx_word' id='word_1_489' title='bbox 624 1769 649 1790; x_wconf 89' lang='lat' dir='ltr'>et</span> <span class='ocrx_word' id='word_1_490' title='bbox 666 1762 716 1790; x_wconf 85' lang='lat' dir='ltr'>tibi</span> <span class='ocrx_word' id='word_1_491' title='bbox 729 1761 862 1797; x_wconf 74' lang='lat' dir='ltr'>adliaeret;</span> <span class='ocrx_word' id='word_1_492' title='bbox 887 1761 1011 1790; x_wconf 88' lang='lat' dir='ltr'>Christus</span> 
     </span>
     <span class='ocr_line' id='line_1_61' title="bbox 267 1807 1010 1847; baseline -0.004 -9"><span class='ocrx_word' id='word_1_493' title='bbox 267 1810 338 1838; x_wconf 88' lang='lat' dir='ltr'>enim</span> <span class='ocrx_word' id='word_1_494' title='bbox 350 1816 397 1838; x_wconf 90' lang='lat' dir='ltr'>est.</span> <span class='ocrx_word' id='word_1_495' title='bbox 408 1810 479 1838; x_wconf 83' lang='lat' dir='ltr'>Num</span> <span class='ocrx_word' id='word_1_496' title='bbox 490 1815 518 1837; x_wconf 83' lang='lat' dir='ltr'>tn</span> <span class='ocrx_word' id='word_1_497' title='bbox 528 1808 678 1837; x_wconf 85' lang='lat' dir='ltr'>membrum</span> <span class='ocrx_word' id='word_1_498' title='bbox 692 1807 792 1836; x_wconf 84' lang='lat' dir='ltr'>Christi</span> <span class='ocrx_word' id='word_1_499' title='bbox 803 1814 828 1835; x_wconf 81' lang='lat' dir='ltr'>te</span> <span class='ocrx_word' id='word_1_500' title='bbox 838 1807 894 1847; x_wconf 84' lang='lat' dir='ltr'>ipse</span> <span class='ocrx_word' id='word_1_501' title='bbox 905 1807 1010 1835; x_wconf 79' lang='lat' dir='ltr'>fecisti?</span> 
     </span>
     <span class='ocr_line' id='line_1_62' title="bbox 268 1854 1010 1895; baseline -0.004 -11"><span class='ocrx_word' id='word_1_502' title='bbox 268 1856 313 1885; x_wconf 89' lang='lat' dir='ltr'>Sic</span> <span class='ocrx_word' id='word_1_503' title='bbox 325 1856 412 1895; x_wconf 80' lang='lat' dir='ltr'>cogita</span> <span class='ocrx_word' id='word_1_504' title='bbox 425 1862 450 1883; x_wconf 84' lang='lat' dir='ltr'>et</span> <span class='ocrx_word' id='word_1_505' title='bbox 464 1862 550 1883; x_wconf 79' lang='lat' dir='ltr'>castus</span> <span class='ocrx_word' id='word_1_506' title='bbox 570 1865 646 1883; x_wconf 79' lang='lat' dir='ltr'>mane</span> <span class='ocrx_word' id='word_1_507' title='bbox 661 1867 666 1882; x_wconf 92' lang='lat'><strong>:</strong></span> <span class='ocrx_word' id='word_1_508' title='bbox 681 1855 757 1894; x_wconf 84' lang='lat' dir='ltr'>cujus</span> <span class='ocrx_word' id='word_1_509' title='bbox 776 1854 874 1882; x_wconf 83' lang='lat' dir='ltr'>suerint</span> <span class='ocrx_word' id='word_1_510' title='bbox 890 1854 1010 1882; x_wconf 83' lang='lat' dir='ltr'>membra</span> 
     </span>
     <span class='ocr_line' id='line_1_63' title="bbox 269 1900 1010 1940; baseline -0.004 -10"><span class='ocrx_word' id='word_1_511' title='bbox 269 1909 294 1931; x_wconf 83' lang='lat' dir='ltr'>et</span> <span class='ocrx_word' id='word_1_512' title='bbox 306 1902 381 1940; x_wconf 85' lang='lat' dir='ltr'>cujus</span> <span class='ocrx_word' id='word_1_513' title='bbox 393 1902 459 1930; x_wconf 79' lang='lat' dir='ltr'>sacta</span> <span class='ocrx_word' id='word_1_514' title='bbox 474 1901 533 1929; x_wconf 88' lang='lat' dir='ltr'>siut.</span> <span class='ocrx_word' id='word_1_515' title='bbox 549 1900 698 1929; x_wconf 83' lang='lat' dir='ltr'>Meretricis</span> <span class='ocrx_word' id='word_1_516' title='bbox 709 1906 785 1928; x_wconf 83' lang='lat' dir='ltr'>antea</span> <span class='ocrx_word' id='word_1_517' title='bbox 796 1900 916 1928; x_wconf 78' lang='lat' dir='ltr'>membra</span> <span class='ocrx_word' id='word_1_518' title='bbox 926 1906 1010 1936; x_wconf 85' lang='lat' dir='ltr'>erant,</span> 
     </span>
     <span class='ocr_line' id='line_1_64' title="bbox 269 1945 1010 1985; baseline -0.004 -9"><span class='ocrx_word' id='word_1_519' title='bbox 269 1954 295 1976; x_wconf 89' lang='lat' dir='ltr'>et</span> <span class='ocrx_word' id='word_1_520' title='bbox 314 1947 438 1975; x_wconf 87' lang='lat' dir='ltr'>Christus</span> <span class='ocrx_word' id='word_1_521' title='bbox 459 1946 521 1975; x_wconf 84' lang='lat' dir='ltr'>fecit</span> <span class='ocrx_word' id='word_1_522' title='bbox 537 1946 582 1975; x_wconf 86' lang='lat' dir='ltr'>illa</span> <span class='ocrx_word' id='word_1_523' title='bbox 599 1946 716 1974; x_wconf 85' lang='lat' dir='ltr'>membra</span> <span class='ocrx_word' id='word_1_524' title='bbox 738 1945 780 1974; x_wconf 91' lang='lat' dir='ltr'>sui</span> <span class='ocrx_word' id='word_1_525' title='bbox 803 1945 929 1985; x_wconf 89' lang='lat' dir='ltr'>corporis.</span> <span class='ocrx_word' id='word_1_526' title='bbox 951 1946 1010 1974; x_wconf 90' lang='lat' dir='ltr'>Non</span> 
     </span>
     <span class='ocr_line' id='line_1_65' title="bbox 269 1991 1011 2033; baseline -0.003 -11"><span class='ocrx_word' id='word_1_527' title='bbox 269 2005 332 2033; x_wconf 85' lang='lat' dir='ltr'>ergo</span> <span class='ocrx_word' id='word_1_528' title='bbox 346 1994 391 2022; x_wconf 89' lang='lat' dir='ltr'>illa</span> <span class='ocrx_word' id='word_1_529' title='bbox 406 2004 475 2022; x_wconf 89' lang='lat' dir='ltr'>nunc</span> <span class='ocrx_word' id='word_1_530' title='bbox 490 1993 517 2021; x_wconf 89' lang='lat' dir='ltr'>in</span> <span class='ocrx_word' id='word_1_531' title='bbox 536 1999 664 2032; x_wconf 80' lang='lat' dir='ltr'>potestate</span> <span class='ocrx_word' id='word_1_532' title='bbox 678 1992 759 2020; x_wconf 81' lang='lat' dir='ltr'>habes</span> <span class='ocrx_word' id='word_1_533' title='bbox 773 2005 779 2021; x_wconf 81' lang='lat'>2</span> <span class='ocrx_word' id='word_1_534' title='bbox 793 1992 835 2020; x_wconf 90' lang='lat' dir='ltr'>illi</span> <span class='ocrx_word' id='word_1_535' title='bbox 849 1991 947 2022; x_wconf 84' lang='lat' dir='ltr'>servias</span> <span class='ocrx_word' id='word_1_536' title='bbox 964 1991 1011 2030; x_wconf 88' lang='lat' dir='ltr'>qui</span> 
     </span>
     <span class='ocr_line' id='line_1_66' title="bbox 269 2037 1011 2074; baseline -0.004 -6"><span class='ocrx_word' id='word_1_537' title='bbox 269 2046 296 2068; x_wconf 90' lang='lat' dir='ltr'>te</span> <span class='ocrx_word' id='word_1_538' title='bbox 312 2039 444 2068; x_wconf 81' lang='lat' dir='ltr'>liberavit.</span> <span class='ocrx_word' id='word_1_539' title='bbox 465 2039 523 2067; x_wconf 88' lang='lat' dir='ltr'>Non</span> <span class='ocrx_word' id='word_1_540' title='bbox 539 2039 621 2074; x_wconf 87' lang='lat' dir='ltr'>enim,</span> <span class='ocrx_word' id='word_1_541' title='bbox 645 2039 666 2067; x_wconf 92' lang='lat' dir='ltr'>si</span> <span class='ocrx_word' id='word_1_542' title='bbox 682 2037 768 2066; x_wconf 88' lang='lat' dir='ltr'>filiam</span> <span class='ocrx_word' id='word_1_543' title='bbox 781 2037 892 2066; x_wconf 84' lang='lat' dir='ltr'>haberes</span> <span class='ocrx_word' id='word_1_544' title='bbox 911 2044 937 2066; x_wconf 90' lang='lat' dir='ltr'>et</span> <span class='ocrx_word' id='word_1_545' title='bbox 953 2047 1011 2066; x_wconf 82' lang='lat' dir='ltr'>eam</span> 
     </span>
     <span class='ocr_line' id='line_1_67' title="bbox 270 2083 1012 2124; baseline -0.003 -11"><span class='ocrx_word' id='word_1_546' title='bbox 270 2096 325 2124; x_wconf 68' lang='lat' dir='ltr'>prce</span> <span class='ocrx_word' id='word_1_547' title='bbox 340 2084 452 2113; x_wconf 86' lang='lat' dir='ltr'>stultitia</span> <span class='ocrx_word' id='word_1_548' title='bbox 467 2084 587 2112; x_wconf 87' lang='lat' dir='ltr'>mercede</span> <span class='ocrx_word' id='word_1_549' title='bbox 600 2084 712 2112; x_wconf 81' lang='lat' dir='ltr'>locasses</span> <span class='ocrx_word' id='word_1_550' title='bbox 733 2083 832 2121; x_wconf 77' lang='lat' dir='ltr'>lenoni,</span> <span class='ocrx_word' id='word_1_551' title='bbox 855 2091 885 2112; x_wconf 91' lang='lat' dir='ltr'>ut</span> <span class='ocrx_word' id='word_1_552' title='bbox 898 2083 1012 2112; x_wconf 84' lang='lat' dir='ltr'>fornica-</span> 
     </span>
     <span class='ocr_line' id='line_1_68' title="bbox 270 2129 1013 2168; baseline -0.001 -9"><span class='ocrx_word' id='word_1_553' title='bbox 270 2138 360 2167; x_wconf 85' lang='lat' dir='ltr'>retur;</span> <span class='ocrx_word' id='word_1_554' title='bbox 374 2130 522 2168; x_wconf 81' lang='lat' dir='ltr'>deindeque</span> <span class='ocrx_word' id='word_1_555' title='bbox 536 2130 608 2158; x_wconf 81' lang='lat' dir='ltr'>filius</span> <span class='ocrx_word' id='word_1_556' title='bbox 620 2130 690 2168; x_wconf 81' lang='lat' dir='ltr'>regis</span> <span class='ocrx_word' id='word_1_557' title='bbox 701 2130 842 2167; x_wconf 78' lang='lat' dir='ltr'>transiens,</span> <span class='ocrx_word' id='word_1_558' title='bbox 858 2140 873 2157; x_wconf 80' lang='lat' dir='ltr'>a</span> <span class='ocrx_word' id='word_1_559' title='bbox 885 2129 1013 2159; x_wconf 87' lang='lat' dir='ltr'>servitute</span> 
     </span>
     <span class='ocr_line' id='line_1_69' title="bbox 270 2176 1012 2215; baseline -0.003 -9"><span class='ocrx_word' id='word_1_560' title='bbox 270 2178 411 2206; x_wconf 86' lang='lat' dir='ltr'>liberatam</span> <span class='ocrx_word' id='word_1_561' title='bbox 430 2187 541 2205; x_wconf 79' lang='lat' dir='ltr'>uxorem</span> <span class='ocrx_word' id='word_1_562' title='bbox 555 2176 686 2213; x_wconf 76' lang='lat' dir='ltr'>duxisset,</span> <span class='ocrx_word' id='word_1_563' title='bbox 708 2186 788 2215; x_wconf 83' lang='lat' dir='ltr'>penes</span> <span class='ocrx_word' id='word_1_564' title='bbox 802 2183 828 2204; x_wconf 86' lang='lat' dir='ltr'>te</span> <span class='ocrx_word' id='word_1_565' title='bbox 841 2182 906 2204; x_wconf 86' lang='lat' dir='ltr'>esset</span> <span class='ocrx_word' id='word_1_566' title='bbox 920 2182 1012 2214; x_wconf 86' lang='lat' dir='ltr'>postea</span> 
     </span>
     <span class='ocr_line' id='line_1_70' title="bbox 270 2220 1014 2262; baseline -0.004 -10"><span class='ocrx_word' id='word_1_567' title='bbox 270 2223 346 2252; x_wconf 86' lang='lat' dir='ltr'>illam</span> <span class='ocrx_word' id='word_1_568' title='bbox 365 2223 393 2251; x_wconf 90' lang='lat' dir='ltr'>in</span> <span class='ocrx_word' id='word_1_569' title='bbox 408 2221 587 2262; x_wconf 87' lang='lat' dir='ltr'>prostibulum</span> <span class='ocrx_word' id='word_1_570' title='bbox 607 2220 703 2249; x_wconf 87' lang='lat' dir='ltr'>ducere</span> <span class='ocrx_word' id='word_1_571' title='bbox 716 2221 813 2249; x_wconf 87' lang='lat' dir='ltr'>:semel</span> <span class='ocrx_word' id='word_1_572' title='bbox 829 2221 899 2250; x_wconf 88' lang='lat' dir='ltr'>enim</span> <span class='ocrx_word' id='word_1_573' title='bbox 914 2221 1014 2249; x_wconf 85' lang='lat' dir='ltr'>dedisti</span> 
     </span>
     <span class='ocr_line' id='line_1_71' title="bbox 271 2267 1013 2298; baseline -0.003 0"><span class='ocrx_word' id='word_1_574' title='bbox 271 2276 297 2298; x_wconf 90' lang='lat' dir='ltr'>et</span> <span class='ocrx_word' id='word_1_575' title='bbox 310 2268 465 2298; x_wconf 86' lang='lat' dir='ltr'>vendidisti.</span> <span class='ocrx_word' id='word_1_576' title='bbox 487 2268 539 2296; x_wconf 84' lang='lat' dir='ltr'>Res</span> <span class='ocrx_word' id='word_1_577' title='bbox 553 2274 642 2296; x_wconf 83' lang='lat' dir='ltr'>nostra</span> <span class='ocrx_word' id='word_1_578' title='bbox 666 2267 704 2295; x_wconf 89' lang='lat' dir='ltr'>sic</span> <span class='ocrx_word' id='word_1_579' title='bbox 725 2267 805 2295; x_wconf 86' lang='lat' dir='ltr'>habet</span> <span class='ocrx_word' id='word_1_580' title='bbox 819 2279 825 2294; x_wconf 90' lang='lat'>:</span> <span class='ocrx_word' id='word_1_581' title='bbox 838 2278 944 2296; x_wconf 86' lang='lat' dir='ltr'>carnem</span> <span class='ocrx_word' id='word_1_582' title='bbox 963 2278 1013 2296; x_wconf 90' lang='lat' dir='ltr'>no-</span> 
     </span>
     <span class='ocr_line' id='line_1_72' title="bbox 271 2312 1009 2351; baseline -0.005 -7"><span class='ocrx_word' id='word_1_583' title='bbox 271 2322 354 2344; x_wconf 84' lang='lat' dir='ltr'>stram</span> <span class='ocrx_word' id='word_1_584' title='bbox 367 2313 488 2344; x_wconf 88' lang='lat' dir='ltr'>mercede</span> <span class='ocrx_word' id='word_1_585' title='bbox 501 2312 678 2342; x_wconf 74' lang='lat' dir='ltr'>conduximus</span> <span class='ocrx_word' id='word_1_586' title='bbox 691 2312 800 2341; x_wconf 80' lang='lat' dir='ltr'>diabolo</span> <span class='ocrx_word' id='word_1_587' title='bbox 815 2313 891 2351; x_wconf 85' lang='lat' dir='ltr'>gravi</span> <span class='ocrx_word' id='word_1_588' title='bbox 911 2313 1009 2342; x_wconf 87' lang='lat' dir='ltr'>lenoni:</span> 
     </span>
    </p>
   </div>
   <div class='ocr_carea' id='block_1_12' title="bbox 272 2386 1027 2578">
    <p class='ocr_par' dir='ltr' id='par_1_12' title="bbox 272 2386 1027 2578">
     <span class='ocr_line' id='line_1_73' title="bbox 306 2386 1027 2422; baseline -0.001 -10"><span class='ocrx_word' id='word_1_589' title='bbox 306 2389 318 2408; x_wconf 68' lang='grc' dir='ltr'>Ι)</span> <span class='ocrx_word' id='word_1_590' title='bbox 338 2388 382 2422; x_wconf 86' lang='grc' dir='ltr'>[Α.</span> <span class='ocrx_word' id='word_1_591' title='bbox 397 2391 503 2418; x_wconf 67' lang='grc' dir='ltr'>δοξάσατε</span> <span class='ocrx_word' id='word_1_592' title='bbox 517 2389 543 2416; x_wconf 70' lang='grc' dir='ltr'>δὴ</span> <span class='ocrx_word' id='word_1_593' title='bbox 560 2391 597 2412; x_wconf 73' lang='grc' dir='ltr'>τὸν</span> <span class='ocrx_word' id='word_1_594' title='bbox 610 2391 666 2416; x_wconf 62' lang='grc' dir='ltr'>θεὸν,</span> <span class='ocrx_word' id='word_1_595' title='bbox 679 2389 780 2412; x_wconf 66' lang='grc' dir='ltr'>τουτέστι</span> <span class='ocrx_word' id='word_1_596' title='bbox 789 2405 795 2417; x_wconf 81' lang='grc'>,</span> <span class='ocrx_word' id='word_1_597' title='bbox 804 2391 884 2420; x_wconf 63' lang='grc' dir='ltr'>ἄρατε.</span> <span class='ocrx_word' id='word_1_598' title='bbox 907 2387 938 2410; x_wconf 87' lang='lat' dir='ltr'>Iu</span> <span class='ocrx_word' id='word_1_599' title='bbox 950 2386 1027 2411; x_wconf 83' lang='lat' dir='ltr'>altera</span> 
     </span>
     <span class='ocr_line' id='line_1_74' title="bbox 272 2424 1027 2459; baseline -0.003 -7"><span class='ocrx_word' id='word_1_600' title='bbox 272 2429 394 2459; x_wconf 79' lang='lat' dir='ltr'>scriptura</span> <span class='ocrx_word' id='word_1_601' title='bbox 400 2427 614 2451; x_wconf 73' lang='lat' dir='ltr'>conveniuutcum</span> <span class='ocrx_word' id='word_1_602' title='bbox 625 2424 713 2449; x_wconf 71' lang='lat' dir='ltr'>Moutf.</span> <span class='ocrx_word' id='word_1_603' title='bbox 721 2424 784 2449; x_wconf 76' lang='lat' dir='ltr'>Cod.</span> <span class='ocrx_word' id='word_1_604' title='bbox 793 2426 820 2449; x_wconf 90' lang='grc' dir='ltr'>Β.</span> <span class='ocrx_word' id='word_1_605' title='bbox 830 2431 854 2449; x_wconf 84' lang='lat' dir='ltr'>et</span> <span class='ocrx_word' id='word_1_606' title='bbox 863 2425 984 2450; x_wconf 78' lang='lat' dir='ltr'>Commel.</span> <span class='ocrx_word' id='word_1_607' title='bbox 997 2427 1027 2450; x_wconf 90' lang='lat' dir='ltr'>In</span> 
     </span>
     <span class='ocr_line' id='line_1_75' title="bbox 273 2463 1024 2502; baseline -0.005 -10"><span class='ocrx_word' id='word_1_608' title='bbox 273 2467 392 2492; x_wconf 68' lang='lat' dir='ltr'>savitest</span> <span class='ocrx_word' id='word_1_609' title='bbox 404 2472 450 2502; x_wconf 55' lang='grc' dir='ltr'>ἄρα</span> <span class='ocrx_word' id='word_1_610' title='bbox 463 2464 702 2494; x_wconf 53' lang='lat' dir='ltr'>12.1ufratiom.2‹3,</span> <span class='ocrx_word' id='word_1_611' title='bbox 716 2473 741 2496; x_wconf 80' lang='lat' dir='ltr'>p.</span> <span class='ocrx_word' id='word_1_612' title='bbox 752 2465 809 2494; x_wconf 83' lang='lat'><strong>227,</strong></span> <span class='ocrx_word' id='word_1_613' title='bbox 819 2465 849 2488; x_wconf 87' lang='lat' dir='ltr'>D.</span> <span class='ocrx_word' id='word_1_614' title='bbox 860 2463 928 2488; x_wconf 83' lang='lat' dir='ltr'>Editi</span> <span class='ocrx_word' id='word_1_615' title='bbox 939 2474 1024 2489; x_wconf 87' lang='lat' dir='ltr'>omues</span> 
     </span>
     <span class='ocr_line' id='line_1_76' title="bbox 273 2502 1025 2538; baseline -0.003 -8"><span class='ocrx_word' id='word_1_616' title='bbox 273 2512 298 2530; x_wconf 77' lang='lat' dir='ltr'>ct.</span> <span class='ocrx_word' id='word_1_617' title='bbox 308 2509 334 2530; x_wconf 84' lang='grc' dir='ltr'>Α,</span> <span class='ocrx_word' id='word_1_618' title='bbox 348 2507 376 2530; x_wconf 81' lang='grc' dir='ltr'>Β,</span> <span class='ocrx_word' id='word_1_619' title='bbox 390 2508 434 2536; x_wconf 68' lang='grc' dir='ltr'>δοξ-</span> <span class='ocrx_word' id='word_1_620' title='bbox 449 2508 475 2535; x_wconf 70' lang='grc' dir='ltr'>δὴ</span> <span class='ocrx_word' id='word_1_621' title='bbox 492 2509 538 2538; x_wconf 64' lang='grc' dir='ltr'>ἄρα</span> <span class='ocrx_word' id='word_1_622' title='bbox 551 2509 588 2530; x_wconf 77' lang='grc' dir='ltr'>τὸν</span> <span class='ocrx_word' id='word_1_623' title='bbox 601 2508 621 2530; x_wconf 77' lang='grc' dir='ltr'>θ,</span> <span class='ocrx_word' id='word_1_624' title='bbox 634 2503 687 2528; x_wconf 84' lang='lat' dir='ltr'>Cfr.</span> <span class='ocrx_word' id='word_1_625' title='bbox 700 2502 891 2528; x_wconf 78' lang='lat' dir='ltr'>Griesbacliium</span> <span class='ocrx_word' id='word_1_626' title='bbox 910 2503 942 2528; x_wconf 81' lang='lat' dir='ltr'>ad</span> <span class='ocrx_word' id='word_1_627' title='bbox 956 2503 1025 2528; x_wconf 82' lang='lat' dir='ltr'>Pauli</span> 
     </span>
     <span class='ocr_line' id='line_1_77' title="bbox 272 2544 441 2578; baseline -0.012 -8"><span class='ocrx_word' id='word_1_628' title='bbox 272 2544 441 2578; x_wconf 62' lang='lat' dir='ltr'>versiculum]</span> 
     </span>
    </p>
   </div>
   <div class='ocr_carea' id='block_1_13' title="bbox 305 2582 1024 2616">
    <p class='ocr_par' dir='ltr' id='par_1_13' title="bbox 305 2582 1024 2616">
     <span class='ocr_line' id='line_1_78' title="bbox 305 2582 1024 2616; baseline 0.001 -10"><span class='ocrx_word' id='word_1_629' title='bbox 305 2594 314 2602; x_wconf 58' lang='lat' dir='ltr'><em>s</em></span> <span class='ocrx_word' id='word_1_630' title='bbox 333 2585 381 2614; x_wconf 66' lang='lat' dir='ltr'>[B.</span> <span class='ocrx_word' id='word_1_631' title='bbox 392 2591 423 2615; x_wconf 61' lang='grc' dir='ltr'>’ᾧ</span> <span class='ocrx_word' id='word_1_632' title='bbox 432 2586 541 2609; x_wconf 51' lang='lat' dir='ltr'>,ru-buza</span> <span class='ocrx_word' id='word_1_633' title='bbox 552 2588 579 2616; x_wconf 73' lang='grc' dir='ltr'>τῇ</span> <span class='ocrx_word' id='word_1_634' title='bbox 593 2587 658 2615; x_wconf 63' lang='grc' dir='ltr'>ψυχῇ.</span> <span class='ocrx_word' id='word_1_635' title='bbox 674 2582 700 2606; x_wconf 72' lang='grc' dir='ltr'>Α,</span> <span class='ocrx_word' id='word_1_636' title='bbox 711 2589 741 2613; x_wconf 75' lang='grc' dir='ltr'>τῷ</span> <span class='ocrx_word' id='word_1_637' title='bbox 754 2584 871 2612; x_wconf 56' lang='lat' dir='ltr'>ursinari,</span> <span class='ocrx_word' id='word_1_638' title='bbox 886 2585 984 2608; x_wconf 67' lang='grc' dir='ltr'>τουτέστι</span> <span class='ocrx_word' id='word_1_639' title='bbox 998 2589 1024 2616; x_wconf 68' lang='grc' dir='ltr'>τῇ</span> 
     </span>
    </p>
   </div>
   <div class='ocr_carea' id='block_1_14' title="bbox 1063 1482 1873 1522">
    <p class='ocr_par' dir='ltr' id='par_1_14' title="bbox 1063 1482 1873 1522">
     <span class='ocr_line' id='line_1_79' title="bbox 1063 1482 1873 1522; baseline 0.002 -10"><span class='ocrx_word' id='word_1_640' title='bbox 1063 1483 1128 1516; x_wconf 79' lang='grc' dir='ltr'>λε’ως</span> <span class='ocrx_word' id='word_1_641' title='bbox 1140 1483 1199 1512; x_wconf 83' lang='grc' dir='ltr'>ναὸν</span> <span class='ocrx_word' id='word_1_642' title='bbox 1219 1485 1315 1522; x_wconf 76' lang='grc' dir='ltr'>λῃστοῦ</span> <span class='ocrx_word' id='word_1_643' title='bbox 1335 1486 1418 1512; x_wconf 84' lang='grc' dir='ltr'>ποιῶν</span> <span class='ocrx_word' id='word_1_644' title='bbox 1437 1482 1610 1522; x_wconf 81' lang='grc' dir='ltr'>καταγώγιον,</span> <span class='ocrx_word' id='word_1_645' title='bbox 1631 1483 1751 1520; x_wconf 81' lang='grc' dir='ltr'>ἐννόησον</span> <span class='ocrx_word' id='word_1_646' title='bbox 1762 1485 1832 1514; x_wconf 85' lang='grc' dir='ltr'>πόσα</span> <span class='ocrx_word' id='word_1_647' title='bbox 1872 1486 1873 1489; x_wconf 65' lang='grc'>’</span> 
     </span>
    </p>
   </div>
   <div class='ocr_carea' id='block_1_15' title="bbox 1063 1523 1834 1985">
    <p class='ocr_par' dir='ltr' id='par_1_15' title="bbox 1063 1523 1834 1985">
     <span class='ocr_line' id='line_1_80' title="bbox 1063 1523 1832 1565; baseline 0 -7"><span class='ocrx_word' id='word_1_648' title='bbox 1063 1529 1182 1558; x_wconf 80' lang='grc' dir='ltr'>πείσεται</span> <span class='ocrx_word' id='word_1_649' title='bbox 1203 1528 1282 1557; x_wconf 81' lang='grc' dir='ltr'>κακά.</span> <span class='ocrx_word' id='word_1_650' title='bbox 1300 1530 1394 1557; x_wconf 80' lang='grc' dir='ltr'>Ταῦτα</span> <span class='ocrx_word' id='word_1_651' title='bbox 1416 1523 1460 1557; x_wconf 63' lang='grc' dir='ltr'>οὖν</span> <span class='ocrx_word' id='word_1_652' title='bbox 1475 1528 1599 1563; x_wconf 80' lang='grc' dir='ltr'>ἐννοήσας</span> <span class='ocrx_word' id='word_1_653' title='bbox 1609 1550 1617 1564; x_wconf 88' lang='grc'>,</span> <span class='ocrx_word' id='word_1_654' title='bbox 1641 1530 1776 1565; x_wconf 85' lang='grc' dir='ltr'>αἰδέσθητι</span> <span class='ocrx_word' id='word_1_655' title='bbox 1788 1530 1832 1558; x_wconf 82' lang='grc' dir='ltr'>τὸν</span> 
     </span>
     <span class='ocr_line' id='line_1_81' title="bbox 1064 1571 1832 1616; baseline 0.003 -13"><span class='ocrx_word' id='word_1_656' title='bbox 1064 1577 1229 1604; x_wconf 79' lang='grc' dir='ltr'>ἐνοικοῦντα·</span> <span class='ocrx_word' id='word_1_657' title='bbox 1251 1578 1264 1604; x_wconf 89' lang='grc' dir='ltr'>ὁ</span> <span class='ocrx_word' id='word_1_658' title='bbox 1280 1574 1331 1615; x_wconf 82' lang='grc' dir='ltr'>γὰρ</span> <span class='ocrx_word' id='word_1_659' title='bbox 1351 1574 1526 1614; x_wconf 83' lang='grc' dir='ltr'>Παράκλητός</span> <span class='ocrx_word' id='word_1_660' title='bbox 1545 1576 1615 1604; x_wconf 80' lang='grc' dir='ltr'>ἐστιν</span> <span class='ocrx_word' id='word_1_661' title='bbox 1638 1571 1726 1609; x_wconf 65' lang='grc' dir='ltr'>οὗτος·</span> <span class='ocrx_word' id='word_1_662' title='bbox 1745 1576 1832 1616; x_wconf 79' lang='grc' dir='ltr'>φρῖξον</span> 
     </span>
     <span class='ocr_line' id='line_1_82' title="bbox 1063 1620 1833 1662; baseline 0.003 -13"><span class='ocrx_word' id='word_1_663' title='bbox 1063 1621 1107 1650; x_wconf 80' lang='grc' dir='ltr'>τὸν</span> <span class='ocrx_word' id='word_1_664' title='bbox 1130 1620 1362 1659; x_wconf 81' lang='grc' dir='ltr'>συμπεπλεγμένον</span> <span class='ocrx_word' id='word_1_665' title='bbox 1388 1632 1429 1649; x_wconf 85' lang='grc' dir='ltr'>σοι</span> <span class='ocrx_word' id='word_1_666' title='bbox 1456 1620 1501 1648; x_wconf 81' lang='grc' dir='ltr'>καὶ</span> <span class='ocrx_word' id='word_1_667' title='bbox 1527 1621 1719 1659; x_wconf 81' lang='grc' dir='ltr'>κεκολλημένον</span> <span class='ocrx_word' id='word_1_668' title='bbox 1728 1633 1734 1640; x_wconf 91' lang='grc'><em>·</em></span> <span class='ocrx_word' id='word_1_669' title='bbox 1749 1624 1763 1651; x_wconf 84' lang='grc' dir='ltr'>ὁ</span> <span class='ocrx_word' id='word_1_670' title='bbox 1782 1622 1833 1662; x_wconf 82' lang='grc' dir='ltr'>γὰρ</span> 
     </span>
     <span class='ocr_line' id='line_1_83' title="bbox 1064 1666 1834 1706; baseline 0.003 -10"><span class='ocrx_word' id='word_1_671' title='bbox 1064 1667 1178 1706; x_wconf 81' lang='grc' dir='ltr'>Χριστός</span> <span class='ocrx_word' id='word_1_672' title='bbox 1188 1668 1254 1696; x_wconf 80' lang='grc' dir='ltr'>ἐστι.</span> <span class='ocrx_word' id='word_1_673' title='bbox 1272 1667 1317 1702; x_wconf 81' lang='grc' dir='ltr'>Μὴ</span> <span class='ocrx_word' id='word_1_674' title='bbox 1335 1666 1385 1706; x_wconf 84' lang='grc' dir='ltr'>γὰρ</span> <span class='ocrx_word' id='word_1_675' title='bbox 1400 1666 1430 1696; x_wconf 80' lang='grc' dir='ltr'>σὺ</span> <span class='ocrx_word' id='word_1_676' title='bbox 1447 1666 1514 1705; x_wconf 77' lang='grc' dir='ltr'>μέλη</span> <span class='ocrx_word' id='word_1_677' title='bbox 1526 1667 1642 1706; x_wconf 72' lang='grc' dir='ltr'>Χριστοῦ</span> <span class='ocrx_word' id='word_1_678' title='bbox 1658 1669 1748 1698; x_wconf 81' lang='grc' dir='ltr'>ἑαυτὸν</span> <span class='ocrx_word' id='word_1_679' title='bbox 1761 1670 1834 1698; x_wconf 83' lang='grc' dir='ltr'>ἐποί-</span> 
     </span>
     <span class='ocr_line' id='line_1_84' title="bbox 1063 1711 1832 1754; baseline 0.003 -12"><span class='ocrx_word' id='word_1_680' title='bbox 1063 1725 1143 1750; x_wconf 71' lang='grc' dir='ltr'>ησας,</span> <span class='ocrx_word' id='word_1_681' title='bbox 1155 1713 1295 1748; x_wconf 84' lang='grc' dir='ltr'>Ἐννόησον</span> <span class='ocrx_word' id='word_1_682' title='bbox 1310 1712 1390 1746; x_wconf 73' lang='grc' dir='ltr'>οὕτω,</span> <span class='ocrx_word' id='word_1_683' title='bbox 1402 1713 1446 1741; x_wconf 81' lang='grc' dir='ltr'>καὶ</span> <span class='ocrx_word' id='word_1_684' title='bbox 1465 1713 1527 1752; x_wconf 83' lang='grc' dir='ltr'>μένε</span> <span class='ocrx_word' id='word_1_685' title='bbox 1543 1716 1692 1754; x_wconf 76' lang='grc' dir='ltr'>σωφρονῶν,</span> <span class='ocrx_word' id='word_1_686' title='bbox 1705 1714 1790 1749; x_wconf 50' lang='grc' dir='ltr'>οτίνος</span> <span class='ocrx_word' id='word_1_687' title='bbox 1800 1711 1832 1751; x_wconf 64' lang='grc' dir='ltr'>ἦν</span> 
     </span>
     <span class='ocr_line' id='line_1_85' title="bbox 1065 1755 1832 1800; baseline 0.003 -12"><span class='ocrx_word' id='word_1_688' title='bbox 1065 1759 1146 1798; x_wconf 80' lang='grc' dir='ltr'>μέλη,</span> <span class='ocrx_word' id='word_1_689' title='bbox 1158 1759 1203 1788; x_wconf 80' lang='grc' dir='ltr'>καὶ</span> <span class='ocrx_word' id='word_1_690' title='bbox 1215 1759 1283 1792; x_wconf 80' lang='grc' dir='ltr'>τίνος</span> <span class='ocrx_word' id='word_1_691' title='bbox 1294 1758 1394 1798; x_wconf 82' lang='grc' dir='ltr'>γέγονε.</span> <span class='ocrx_word' id='word_1_692' title='bbox 1412 1759 1518 1798; x_wconf 82' lang='grc' dir='ltr'>Πόρνης</span> <span class='ocrx_word' id='word_1_693' title='bbox 1534 1755 1566 1795; x_wconf 70' lang='grc' dir='ltr'>ἦν</span> <span class='ocrx_word' id='word_1_694' title='bbox 1579 1759 1647 1798; x_wconf 84' lang='grc' dir='ltr'>μέλη</span> <span class='ocrx_word' id='word_1_695' title='bbox 1664 1760 1715 1800; x_wconf 80' lang='grc' dir='ltr'>πρὸ</span> <span class='ocrx_word' id='word_1_696' title='bbox 1725 1760 1832 1796; x_wconf 81' lang='grc' dir='ltr'>τούτου,</span> 
     </span>
     <span class='ocr_line' id='line_1_86' title="bbox 1064 1805 1832 1845; baseline 0.004 -12"><span class='ocrx_word' id='word_1_697' title='bbox 1064 1805 1129 1834; x_wconf 79' lang='grc' dir='ltr'>καὶὸ</span> <span class='ocrx_word' id='word_1_698' title='bbox 1140 1805 1251 1844; x_wconf 80' lang='grc' dir='ltr'>Χριστὸς</span> <span class='ocrx_word' id='word_1_699' title='bbox 1267 1805 1386 1840; x_wconf 83' lang='grc' dir='ltr'>ἐποίησεν</span> <span class='ocrx_word' id='word_1_700' title='bbox 1403 1805 1468 1834; x_wconf 84' lang='grc' dir='ltr'>αὐτὰ</span> <span class='ocrx_word' id='word_1_701' title='bbox 1484 1805 1552 1843; x_wconf 79' lang='grc' dir='ltr'>με’λη</span> <span class='ocrx_word' id='word_1_702' title='bbox 1567 1808 1612 1834; x_wconf 76' lang='grc' dir='ltr'>τοῦ</span> <span class='ocrx_word' id='word_1_703' title='bbox 1624 1806 1689 1834; x_wconf 81' lang='grc' dir='ltr'>ἰδίου</span> <span class='ocrx_word' id='word_1_704' title='bbox 1700 1806 1832 1845; x_wconf 83' lang='grc' dir='ltr'>σώματος.</span> 
     </span>
     <span class='ocr_line' id='line_1_87' title="bbox 1064 1850 1831 1891; baseline 0.003 -12"><span class='ocrx_word' id='word_1_705' title='bbox 1064 1852 1121 1880; x_wconf 84' lang='grc' dir='ltr'>Οὐκ</span> <span class='ocrx_word' id='word_1_706' title='bbox 1137 1851 1188 1889; x_wconf 80' lang='grc' dir='ltr'>ἄρα</span> <span class='ocrx_word' id='word_1_707' title='bbox 1203 1852 1286 1879; x_wconf 78' lang='grc' dir='ltr'>αὐτῶν</span> <span class='ocrx_word' id='word_1_708' title='bbox 1297 1850 1414 1884; x_wconf 76' lang='grc' dir='ltr'>ἐξουσίαν</span> <span class='ocrx_word' id='word_1_709' title='bbox 1427 1850 1496 1890; x_wconf 78' lang='grc' dir='ltr'>ἔχεις</span> <span class='ocrx_word' id='word_1_710' title='bbox 1508 1850 1612 1879; x_wconf 86' lang='grc' dir='ltr'>λοιπόν·</span> <span class='ocrx_word' id='word_1_711' title='bbox 1626 1851 1717 1891; x_wconf 81' lang='grc' dir='ltr'>ἐκείνῳ</span> <span class='ocrx_word' id='word_1_712' title='bbox 1727 1852 1831 1881; x_wconf 81' lang='grc' dir='ltr'>δούλευε</span> 
     </span>
     <span class='ocr_line' id='line_1_88' title="bbox 1064 1896 1832 1938; baseline 0.001 -12"><span class='ocrx_word' id='word_1_713' title='bbox 1064 1899 1101 1937; x_wconf 85' lang='grc' dir='ltr'>τῷ</span> <span class='ocrx_word' id='word_1_714' title='bbox 1117 1896 1327 1936; x_wconf 79' lang='grc' dir='ltr'>ἐλευθερώσαντι.</span> <span class='ocrx_word' id='word_1_715' title='bbox 1342 1896 1410 1925; x_wconf 76' lang='grc' dir='ltr'>Οὐδὲ</span> <span class='ocrx_word' id='word_1_716' title='bbox 1426 1897 1493 1936; x_wconf 84' lang='grc' dir='ltr'>γὰρ,</span> <span class='ocrx_word' id='word_1_717' title='bbox 1511 1898 1533 1925; x_wconf 86' lang='grc' dir='ltr'>εἷ</span> <span class='ocrx_word' id='word_1_718' title='bbox 1557 1897 1690 1937; x_wconf 82' lang='grc' dir='ltr'>θυγατέρα</span> <span class='ocrx_word' id='word_1_719' title='bbox 1713 1898 1792 1938; x_wconf 81' lang='grc' dir='ltr'>ἔχων,</span> <span class='ocrx_word' id='word_1_720' title='bbox 1802 1901 1832 1928; x_wconf 81' lang='grc' dir='ltr'>ἐκ</span> 
     </span>
     <span class='ocr_line' id='line_1_89' title="bbox 1064 1942 1832 1985; baseline 0.003 -13"><span class='ocrx_word' id='word_1_721' title='bbox 1064 1945 1165 1978; x_wconf 69' lang='grc' dir='ltr'>πολλῆς</span> <span class='ocrx_word' id='word_1_722' title='bbox 1180 1946 1226 1978; x_wconf 71' lang='grc' dir='ltr'>τῆς</span> <span class='ocrx_word' id='word_1_723' title='bbox 1241 1942 1328 1975; x_wconf 78' lang='grc' dir='ltr'>ἀνοίας</span> <span class='ocrx_word' id='word_1_724' title='bbox 1352 1942 1527 1981; x_wconf 81' lang='grc' dir='ltr'>ἐξεμίσθωσας</span> <span class='ocrx_word' id='word_1_725' title='bbox 1549 1943 1629 1979; x_wconf 77' lang='grc' dir='ltr'>αὐτὴν</span> <span class='ocrx_word' id='word_1_726' title='bbox 1646 1945 1832 1985; x_wconf 76' lang='grc' dir='ltr'>πορνοὸοσκῷ,</span> 
     </span>
    </p>
   </div>
   <div class='ocr_carea' id='block_1_16' title="bbox 1028 1983 1831 2030">
    <p class='ocr_par' dir='ltr' id='par_1_16' title="bbox 1028 1983 1831 2030">
     <span class='ocr_line' id='line_1_90' title="bbox 1028 1983 1831 2030; baseline -0.001 -11"><span class='ocrx_word' id='word_1_727' title='bbox 1028 1998 1047 2021; x_wconf 90' lang='lat' dir='ltr'>D</span> <span class='ocrx_word' id='word_1_728' title='bbox 1065 1989 1234 2029; x_wconf 76' lang='grc' dir='ltr'>πορνεύεσθαι</span> <span class='ocrx_word' id='word_1_729' title='bbox 1259 1988 1394 2024; x_wconf 81' lang='grc' dir='ltr'>ἐποίησας,</span> <span class='ocrx_word' id='word_1_730' title='bbox 1425 1983 1480 2017; x_wconf 66' lang='grc' dir='ltr'>εἶτα</span> <span class='ocrx_word' id='word_1_731' title='bbox 1503 1989 1631 2027; x_wconf 81' lang='grc' dir='ltr'>βασιλέως</span> <span class='ocrx_word' id='word_1_732' title='bbox 1651 1990 1704 2023; x_wconf 82' lang='grc' dir='ltr'>υἱὸς</span> <span class='ocrx_word' id='word_1_733' title='bbox 1729 1991 1831 2030; x_wconf 81' lang='grc' dir='ltr'>παριὼν</span> 
     </span>
    </p>
   </div>
   <div class='ocr_carea' id='block_1_17' title="bbox 1066 2033 1834 2352">
    <p class='ocr_par' dir='ltr' id='par_1_17' title="bbox 1066 2033 1834 2352">
     <span class='ocr_line' id='line_1_91' title="bbox 1066 2033 1833 2075; baseline 0.001 -11"><span class='ocrx_word' id='word_1_734' title='bbox 1066 2034 1228 2075; x_wconf 69' lang='grc' dir='ltr'>ἠλευθέρωσε</span> <span class='ocrx_word' id='word_1_735' title='bbox 1242 2046 1270 2063; x_wconf 87' lang='grc' dir='ltr'>τε</span> <span class='ocrx_word' id='word_1_736' title='bbox 1287 2034 1368 2069; x_wconf 81' lang='grc' dir='ltr'>αὐτὴν</span> <span class='ocrx_word' id='word_1_737' title='bbox 1382 2036 1429 2068; x_wconf 78' lang='grc' dir='ltr'>τῆς</span> <span class='ocrx_word' id='word_1_738' title='bbox 1443 2033 1558 2067; x_wconf 85' lang='grc' dir='ltr'>δουλείας</span> <span class='ocrx_word' id='word_1_739' title='bbox 1579 2035 1679 2071; x_wconf 81' lang='grc' dir='ltr'>ἐκείνης</span> <span class='ocrx_word' id='word_1_740' title='bbox 1695 2036 1740 2064; x_wconf 84' lang='grc' dir='ltr'>καὶ</span> <span class='ocrx_word' id='word_1_741' title='bbox 1755 2040 1833 2072; x_wconf 75' lang='grc' dir='ltr'>συνῆ-</span> 
     </span>
     <span class='ocr_line' id='line_1_92' title="bbox 1067 2075 1831 2122; baseline 0.001 -12"><span class='ocrx_word' id='word_1_742' title='bbox 1067 2084 1113 2121; x_wconf 80' lang='grc' dir='ltr'>ψεν</span> <span class='ocrx_word' id='word_1_743' title='bbox 1130 2083 1229 2120; x_wconf 80' lang='grc' dir='ltr'>ἑαυτῷ,</span> <span class='ocrx_word' id='word_1_744' title='bbox 1241 2080 1327 2120; x_wconf 71' lang='grc' dir='ltr'>κύριος</span> <span class='ocrx_word' id='word_1_745' title='bbox 1337 2075 1361 2108; x_wconf 71' lang='grc' dir='ltr'>εἷ</span> <span class='ocrx_word' id='word_1_746' title='bbox 1373 2079 1463 2108; x_wconf 82' lang='grc' dir='ltr'>λοιπὸν</span> <span class='ocrx_word' id='word_1_747' title='bbox 1481 2080 1554 2119; x_wconf 82' lang='grc' dir='ltr'>ἄγειν</span> <span class='ocrx_word' id='word_1_748' title='bbox 1569 2082 1650 2116; x_wconf 80' lang='grc' dir='ltr'>αὐτὴν</span> <span class='ocrx_word' id='word_1_749' title='bbox 1663 2081 1706 2110; x_wconf 80' lang='grc' dir='ltr'>ἐπὶ</span> <span class='ocrx_word' id='word_1_750' title='bbox 1719 2082 1750 2111; x_wconf 79' lang='grc' dir='ltr'>τὸ</span> <span class='ocrx_word' id='word_1_751' title='bbox 1761 2094 1831 2122; x_wconf 83' lang='grc' dir='ltr'>πορ-</span> 
     </span>
     <span class='ocr_line' id='line_1_93' title="bbox 1068 2125 1832 2166; baseline 0.001 -10"><span class='ocrx_word' id='word_1_752' title='bbox 1068 2132 1148 2156; x_wconf 87' lang='grc' dir='ltr'>νεῖον·</span> <span class='ocrx_word' id='word_1_753' title='bbox 1163 2126 1233 2160; x_wconf 80' lang='grc' dir='ltr'>ἅπαξ</span> <span class='ocrx_word' id='word_1_754' title='bbox 1244 2126 1294 2166; x_wconf 84' lang='grc' dir='ltr'>γὰρ</span> <span class='ocrx_word' id='word_1_755' title='bbox 1309 2125 1407 2159; x_wconf 82' lang='grc' dir='ltr'>ἔδωκας</span> <span class='ocrx_word' id='word_1_756' title='bbox 1422 2126 1467 2154; x_wconf 79' lang='grc' dir='ltr'>καὶ</span> <span class='ocrx_word' id='word_1_757' title='bbox 1479 2125 1626 2162; x_wconf 83' lang='grc' dir='ltr'>ἐπώλησας.</span> <span class='ocrx_word' id='word_1_758' title='bbox 1640 2127 1765 2158; x_wconf 78' lang='grc' dir='ltr'>Τοιοῦτόν</span> <span class='ocrx_word' id='word_1_759' title='bbox 1776 2130 1832 2157; x_wconf 83' lang='grc' dir='ltr'>ἐστι</span> 
     </span>
     <span class='ocr_line' id='line_1_94' title="bbox 1067 2171 1833 2213; baseline 0 -10"><span class='ocrx_word' id='word_1_760' title='bbox 1067 2174 1152 2203; x_wconf 79' lang='grc' dir='ltr'>καὶτὸ</span> <span class='ocrx_word' id='word_1_761' title='bbox 1163 2173 1289 2212; x_wconf 77' lang='grc' dir='ltr'>ἡμέτερον</span> <span class='ocrx_word' id='word_1_762' title='bbox 1298 2184 1304 2189; x_wconf 91' lang='grc'><em>·</em></span> <span class='ocrx_word' id='word_1_763' title='bbox 1319 2171 1529 2210; x_wconf 78' lang='grc' dir='ltr'>ἐξεμισθώσαμεν</span> <span class='ocrx_word' id='word_1_764' title='bbox 1543 2172 1591 2208; x_wconf 86' lang='grc' dir='ltr'>τὴν</span> <span class='ocrx_word' id='word_1_765' title='bbox 1605 2173 1691 2213; x_wconf 81' lang='grc' dir='ltr'>σάρκα</span> <span class='ocrx_word' id='word_1_766' title='bbox 1708 2174 1757 2210; x_wconf 72' lang='grc' dir='ltr'>τὴν</span> <span class='ocrx_word' id='word_1_767' title='bbox 1771 2176 1833 2204; x_wconf 85' lang='grc' dir='ltr'>ἑαυ-</span> 
     </span>
     <span class='ocr_line' id='line_1_95' title="bbox 1068 2219 1834 2260; baseline 0 -11"><span class='ocrx_word' id='word_1_768' title='bbox 1068 2223 1119 2249; x_wconf 86' lang='grc' dir='ltr'>τῶν</span> <span class='ocrx_word' id='word_1_769' title='bbox 1139 2222 1176 2260; x_wconf 87' lang='grc' dir='ltr'>τῷ</span> <span class='ocrx_word' id='word_1_770' title='bbox 1198 2219 1327 2258; x_wconf 66' lang='grc' dir='ltr'>διαῧόλῳ,</span> <span class='ocrx_word' id='word_1_771' title='bbox 1352 2220 1389 2258; x_wconf 84' lang='grc' dir='ltr'>τῷ</span> <span class='ocrx_word' id='word_1_772' title='bbox 1411 2219 1520 2258; x_wconf 82' lang='grc' dir='ltr'>χαλεπῷ</span> <span class='ocrx_word' id='word_1_773' title='bbox 1536 2219 1717 2260; x_wconf 75' lang='grc' dir='ltr'>πορνοὸοσκῷ·</span> <span class='ocrx_word' id='word_1_774' title='bbox 1738 2219 1798 2248; x_wconf 82' lang='grc' dir='ltr'>ἰδὼν</span> <span class='ocrx_word' id='word_1_775' title='bbox 1819 2223 1834 2249; x_wconf 85' lang='grc' dir='ltr'><em>ὂ</em></span> 
     </span>
     <span class='ocr_line' id='line_1_96' title="bbox 1068 2263 1834 2306; baseline 0 -12"><span class='ocrx_word' id='word_1_776' title='bbox 1068 2266 1195 2306; x_wconf 79' lang='grc' dir='ltr'>Χριστὸς,</span> <span class='ocrx_word' id='word_1_777' title='bbox 1208 2265 1333 2304; x_wconf 77' lang='grc' dir='ltr'>ἒῤῥύσατο</span> <span class='ocrx_word' id='word_1_778' title='bbox 1346 2263 1425 2300; x_wconf 80' lang='grc' dir='ltr'>αὐτὴν</span> <span class='ocrx_word' id='word_1_779' title='bbox 1440 2264 1485 2292; x_wconf 79' lang='grc' dir='ltr'>καὶ</span> <span class='ocrx_word' id='word_1_780' title='bbox 1511 2264 1644 2300; x_wconf 83' lang='grc' dir='ltr'>ἀπήλλαξε</span> <span class='ocrx_word' id='word_1_781' title='bbox 1655 2267 1703 2300; x_wconf 75' lang='grc' dir='ltr'>ἰι-ἦς</span> <span class='ocrx_word' id='word_1_782' title='bbox 1718 2271 1834 2306; x_wconf 79' lang='grc' dir='ltr'>πονηρᾶς</span> 
     </span>
     <span class='ocr_line' id='line_1_97' title="bbox 1067 2310 1832 2352; baseline -0.001 -11"><span class='ocrx_word' id='word_1_783' title='bbox 1067 2312 1214 2352; x_wconf 76' lang='grc' dir='ltr'>τυραννίδος</span> <span class='ocrx_word' id='word_1_784' title='bbox 1233 2311 1348 2346; x_wconf 79' lang='grc' dir='ltr'>ἐκείνης·</span> <span class='ocrx_word' id='word_1_785' title='bbox 1371 2311 1399 2339; x_wconf 84' lang='grc' dir='ltr'>οὖ</span> <span class='ocrx_word' id='word_1_786' title='bbox 1418 2310 1502 2339; x_wconf 82' lang='grc' dir='ltr'>τοίνυν</span> <span class='ocrx_word' id='word_1_787' title='bbox 1517 2311 1586 2339; x_wconf 80' lang='grc' dir='ltr'>ἐστὶν</span> <span class='ocrx_word' id='word_1_788' title='bbox 1601 2311 1717 2350; x_wconf 80' lang='grc' dir='ltr'>ἡμετέρα</span> <span class='ocrx_word' id='word_1_789' title='bbox 1731 2312 1832 2348; x_wconf 86' lang='grc' dir='ltr'>λοιπὸν,</span> 
     </span>
    </p>
   </div>
   <div class='ocr_carea' id='block_1_18' title="bbox 1075 2384 1830 2577">
    <p class='ocr_par' dir='ltr' id='par_1_18' title="bbox 1078 2384 1165 2420">
     <span class='ocr_line' id='line_1_98' title="bbox 1078 2384 1165 2420; baseline -0.011 0"><span class='ocrx_word' id='word_1_790' title='bbox 1078 2384 1165 2420; x_wconf 49' lang='lat' dir='ltr'>vum]</span> 
     </span>
    </p>

    <p class='ocr_par' dir='ltr' id='par_1_19' title="bbox 1112 2421 1534 2458">
     <span class='ocr_line' id='line_1_99' title="bbox 1112 2421 1534 2458; baseline -0.005 -9"><span class='ocrx_word' id='word_1_791' title='bbox 1112 2427 1123 2443; x_wconf 74' lang='lat' dir='ltr'>b</span> <span class='ocrx_word' id='word_1_792' title='bbox 1144 2423 1188 2458; x_wconf 71' lang='grc' dir='ltr'>[Α.</span> <span class='ocrx_word' id='word_1_793' title='bbox 1198 2426 1254 2452; x_wconf 66' lang='grc' dir='ltr'>τινὲς</span> <span class='ocrx_word' id='word_1_794' title='bbox 1267 2425 1288 2448; x_wconf 75' lang='grc' dir='ltr'><strong>ἰὲ</strong></span> <span class='ocrx_word' id='word_1_795' title='bbox 1302 2434 1352 2458; x_wconf 49' lang='grc' dir='ltr'>ἴσασι</span> <span class='ocrx_word' id='word_1_796' title='bbox 1365 2427 1389 2448; x_wconf 66' lang='grc' dir='ltr'>τὸ</span> <span class='ocrx_word' id='word_1_797' title='bbox 1402 2426 1423 2447; x_wconf 71' lang='grc' dir='ltr'>ἐν</span> <span class='ocrx_word' id='word_1_798' title='bbox 1435 2428 1467 2455; x_wconf 76' lang='grc' dir='ltr'>τῷ</span> <span class='ocrx_word' id='word_1_799' title='bbox 1479 2421 1534 2456; x_wconf 54' lang='lat' dir='ltr'>nm]</span> 
     </span>
    </p>

    <p class='ocr_par' dir='ltr' id='par_1_20' title="bbox 1075 2460 1830 2577">
     <span class='ocr_line' id='line_1_100' title="bbox 1108 2460 1829 2495; baseline -0.001 -8"><span class='ocrx_word' id='word_1_800' title='bbox 1108 2471 1118 2482; x_wconf 82' lang='lat' dir='ltr'>c</span> <span class='ocrx_word' id='word_1_801' title='bbox 1137 2463 1222 2488; x_wconf 74' lang='lat' dir='ltr'>Morel.</span> <span class='ocrx_word' id='word_1_802' title='bbox 1238 2467 1295 2490; x_wconf 76' lang='grc' dir='ltr'>τίνος</span> <span class='ocrx_word' id='word_1_803' title='bbox 1311 2463 1348 2488; x_wconf 68' lang='grc' dir='ltr'>οὖν</span> <span class='ocrx_word' id='word_1_804' title='bbox 1365 2465 1433 2495; x_wconf 70' lang='grc' dir='ltr'>μέλη.</span> <span class='ocrx_word' id='word_1_805' title='bbox 1451 2460 1499 2495; x_wconf 90' lang='lat' dir='ltr'>[In</span> <span class='ocrx_word' id='word_1_806' title='bbox 1518 2464 1546 2487; x_wconf 79' lang='lat' dir='ltr'>A.</span> <span class='ocrx_word' id='word_1_807' title='bbox 1564 2460 1626 2486; x_wconf 83' lang='lat' dir='ltr'>alius</span> <span class='ocrx_word' id='word_1_808' title='bbox 1645 2467 1683 2486; x_wconf 83' lang='lat' dir='ltr'>est.</span> <span class='ocrx_word' id='word_1_809' title='bbox 1698 2461 1829 2487; x_wconf 74' lang='lat' dir='ltr'>verborum</span> 
     </span>
     <span class='ocr_line' id='line_1_101' title="bbox 1075 2503 1830 2535; baseline 0 -8"><span class='ocrx_word' id='word_1_810' title='bbox 1075 2503 1138 2528; x_wconf 85' lang='lat' dir='ltr'>ordo</span> <span class='ocrx_word' id='word_1_811' title='bbox 1153 2513 1158 2526; x_wconf 78' lang='lat' dir='ltr'>z</span> <span class='ocrx_word' id='word_1_812' title='bbox 1173 2507 1284 2533; x_wconf 67' lang='grc' dir='ltr'>ἐννόησον,</span> <span class='ocrx_word' id='word_1_813' title='bbox 1296 2507 1352 2530; x_wconf 71' lang='grc' dir='ltr'>τινὸς</span> <span class='ocrx_word' id='word_1_814' title='bbox 1370 2505 1396 2532; x_wconf 83' lang='grc' dir='ltr'>ἦν</span> <span class='ocrx_word' id='word_1_815' title='bbox 1413 2506 1486 2535; x_wconf 73' lang='grc' dir='ltr'>μέλη,</span> <span class='ocrx_word' id='word_1_816' title='bbox 1497 2506 1533 2528; x_wconf 79' lang='grc' dir='ltr'>καὶ</span> <span class='ocrx_word' id='word_1_817' title='bbox 1548 2506 1604 2530; x_wconf 72' lang='grc' dir='ltr'>τίνος</span> <span class='ocrx_word' id='word_1_818' title='bbox 1623 2506 1710 2534; x_wconf 75' lang='grc' dir='ltr'>γέγονε,</span> <span class='ocrx_word' id='word_1_819' title='bbox 1723 2506 1759 2528; x_wconf 72' lang='grc' dir='ltr'>καὶ</span> <span class='ocrx_word' id='word_1_820' title='bbox 1777 2505 1830 2535; x_wconf 73' lang='grc' dir='ltr'>μένε</span> 
     </span>
     <span class='ocr_line' id='line_1_102' title="bbox 1078 2540 1350 2577; baseline -0.007 -9"><span class='ocrx_word' id='word_1_821' title='bbox 1078 2554 1159 2577; x_wconf 60' lang='lat' dir='ltr'>capp„</span> <span class='ocrx_word' id='word_1_822' title='bbox 1173 2543 1215 2575; x_wconf 82' lang='lat' dir='ltr'>qui</span> <span class='ocrx_word' id='word_1_823' title='bbox 1226 2540 1350 2575; x_wconf 60' lang='lat' dir='ltr'>praestat]</span> 
     </span>
    </p>
   </div>
  </div>
 </body>
</html>
