1891 2866
256 176 322 209 ¹291)
596 175 625 197 S.
653 175 792 198 sommis
819 176 998 199 ctlnx'sosT.

252 237 323 264 xisse
337 235 470 271 videmur,
482 236 528 265 sed
547 242 572 265 et
596 236 663 265 ebrii
683 248 776 266 suiuus
799 243 824 266 et
849 237 992 266 esurientes

251 281 481 321 prsetercurrimus
497 295 503 311 :
520 293 572 321 qua
593 282 626 312 de
641 293 670 312 re
683 290 747 312 tunc
761 283 894 312 Corinthii
909 294 992 312 accu-

251 329 386 358 sabantur.
399 329 431 358 Et
443 330 742 369 quandonam‚inquics‚
758 331 808 359 hoc
820 331 868 359 fit?
877 332 988 371 Semper

252 376 370 414 quidem,
384 377 516 416 pra-cipue
530 388 592 405 vero
607 377 634 406 in
650 377 744 406 diebus
759 378 841 413 sestis,
857 388 916 406 cum
930 389 990 406 ma—

251 423 324 451 xime
337 423 394 451 fieri
410 433 461 451 non
471 430 610 463 oporteret.
627 425 704 452 Tunc
718 424 789 452 cnim
803 431 862 463 post
875 434 992 452 commu-

251 468 356 497 nionem
371 469 460 497 statim
474 469 573 508 excipit
599 469 712 498 ebrietas
723 476 748 498 et
763 480 911 509 pauperum
926 480 992 498 con-

251 521 367 544 temtus:
382 522 407 544 et
430 523 571 555 postquam
600 517 757 554 sanguinem
782 515 913 554 recepisti,
932 526 992 543 cum

247 562 343 601 jejunii
367 562 416 590 tibi
427 569 532 602 tempus
547 569 585 590 est
607 569 632 590 et
646 562 807 597 sobrietatis,
820 562 993 591 debaccharis

252 615 277 637 et
288 609 451 637 comessaris.
468 608 503 637 Et
522 609 542 636 si
564 608 631 647 quid
645 608 707 636 boni
719 609 901 648 perceperisin
914 619 993 647 pran-

251 654 308 692 dio,
325 666 400 684 caves
414 666 445 684 ne
459 655 511 683 alio
527 666 612 695 pravo
628 655 685 683 cibo
700 655 817 694 priorem
833 656 990 684 labefactes:

251 711 312 729 cum
326 708 412 729 autem
425 701 591 740 spiritualem
602 701 690 729 cibum
706 701 850 740 acceperis,
864 701 993 729 satanicas

250 746 355 775 inducis
368 746 484 775 delicias.
495 747 587 785 Cogita
596 746 661 784 quid
676 746 787 786 apostoli
803 747 921 782 fecerint,
933 757 993 775 cum

249 792 309 821 illas
323 803 410 821 sacras
424 792 603 832 percepissent
619 803 723 821 coenas:
739 803 826 821 nonne
840 793 875 822 ad
891 793 990 822 oratio-

249 849 308 867 nem
320 838 543 867 convertebantur
556 845 581 867 et
607 838 642 867 ad
661 839 777 879 hymnos
801 839 993 868 celebrandos?

247 894 332 913 nonne
347 884 381 913 ad
396 894 468 912 sacra
486 884 648 924 pervigilia?
675 895 762 914 nonne
784 885 819 914 ad
842 885 992 915 doctrinam

246 931 363 970 longara,
382 941 441 969 quoe
455 941 551 969 magna
568 931 647 970 plena
660 938 715 960 erat
731 931 900 972 philosophia
910 933 923 960 9
935 943 991 961 ma-

247 987 297 1016 gna
310 977 411 1017 quippe
432 984 457 1005 et
480 977 616 1006 mirabilia
638 984 702 1006 tunc
728 978 783 1007 illis
805 979 945 1007 enarrabat
967 986 992 1008 et

246 1021 429 1061 praeciplebat‚
454 1021 611 1050 abscedente
625 1021 697 1051 Juda
706 1045 712 1057 ‚
733 1022 769 1050 ad
783 1023 917 1052 vocandos
931 1023 992 1052 illos

247 1067 297 1106 qui
312 1068 400 1107 ipsum
415 1067 442 1096 in
460 1078 566 1096 crucem
583 1068 669 1096 acturi
694 1074 777 1096 erant.
804 1070 864 1097 Non
892 1068 992 1098 audisti

247 1112 381 1151 quomodo
394 1113 440 1142 illa
457 1113 508 1142 tria
531 1113 617 1141 millia
631 1113 786 1151 hominum,
810 1114 856 1152 qui
871 1125 991 1144 commu-

247 1158 334 1187 nionis
346 1159 490 1198 participes
508 1166 590 1195 erant,
615 1169 719 1198 semper
742 1160 947 1199 perseverabant
964 1161 991 1189 in

248 1205 367 1234 oratione
377 1214 402 1236 et
423 1206 452 1234 in
475 1204 606 1242 doctrina,
620 1215 673 1234 non
686 1205 712 1233 in
728 1205 910 1242 ebrietatibus,
939 1217 990 1236 non

248 1251 276 1279 in
302 1251 544 1280 comesatiombus?
574 1252 625 1280 Tu.
642 1261 707 1280 vero
728 1259 869 1290 antequam
902 1252 992 1292 perci-

247 1297 306 1337 pias
323 1297 441 1336 quidem,
454 1298 572 1337 jejunas,
590 1304 618 1325 ut
632 1297 883 1336 quomodocumque
894 1298 991 1337 dignus

249 1344 435 1373 communione
445 1343 562 1373 videaris
575 1365 580 1370 .
595 1343 642 1371 ubi
652 1350 741 1372 autem
760 1344 913 1384 percepisti,
929 1355 991 1373 cum

248 1397 381 1429 oporteret
399 1397 425 1419 te
439 1389 642 1429 temperantiam
657 1400 765 1428 augere,
781 1390 869 1418 omnia
890 1390 989 1430 perdis.

249 1437 332 1475 Atqui
356 1448 408 1466 non
429 1448 477 1476 par
491 1447 532 1465 res
556 1442 594 1464 est
608 1442 683 1464 antea
695 1437 826 1476 jejunare,
838 1443 863 1465 et
877 1444 966 1476 postea
983 1449 989 1464 :

248 1483 276 1511 in
291 1490 403 1522 utroque
416 1483 486 1512 enirn
508 1489 626 1522 tempore
637 1489 827 1522 temperantem
844 1494 899 1512 esse
911 1494 989 1523 opor-

248 1535 295 1564 tet,
305 1529 422 1558 maxime
445 1539 508 1557 νει-ο
529 1535 669 1568 postquam
685 1539 814 1567 sponsum
840 1530 966 1569 excepisti
982 1541 988 1557 z

248 1582 323 1604 antea
330 1575 448 1614 quidem,
457 1574 591 1613 utdignus
604 1574 640 1602 sis
652 1575 697 1613 qui
706 1575 836 1614 accipi-”155
846 1582 936 1614 postea
948 1586 990 1604 ve-

247 1632 287 1656 ro,
305 1633 337 1651 ne
351 1621 478 1661 indignus
491 1620 608 1649 videaris
625 1621 658 1649 iis
671 1631 730 1659 quae
752 1621 887 1661 accepisti.
916 1621 989 1656 Quid

247 1678 327 1706 ergo,
353 1667 565 1707 jejunandumne
595 1673 633 1695 est
659 1673 797 1705 postquam
823 1667 990 1707 acceperim?

247 1714 306 1742 Non
324 1714 374 1742 hoc
391 1713 461 1750 dico,
473 1724 558 1751 neque
570 1719 594 1741 te
612 1723 685 1751 cogo.
700 1713 804 1741 Bonum
818 1713 926 1751 quidem
939 1714 990 1742 hoc

246 1769 352 1798 quoque
367 1766 450 1795 esset5
470 1768 564 1787 verum
578 1768 629 1786 non
644 1758 700 1786 vim
715 1758 813 1795 infero,
829 1758 876 1787 sed
890 1758 988 1787 adhor-

245 1812 288 1834 tor
300 1812 368 1834 nete
382 1805 485 1833 deliciis
496 1805 605 1844 impleas
613 1811 689 1832 extra
704 1815 865 1833 mensuram.
883 1805 991 1834 Sienim

245 1861 392 1889 numquam
402 1858 520 1890 oporteat
528 1850 664 1887 deliciar13
688 1850 739 1879 hoc
752 1851 821 1879 enim
839 1850 989 1880 declaravit

99 1912 236 1936 1.Tim.5.6.
246 1897 345 1926 Paulus
358 1897 457 1933 dicens,
472 1898 540 1935 Qute
556 1903 651 1925 autem
662 1898 693 1924 in
703 1897 814 1925 deliciis
826 1904 878 1932 est,
888 1899 989 1926 vivens

246 1950 360 1972 mortua
374 1950 433 1977 e5t;
450 1943 535 1972 multo
551 1943 637 1982 magis
659 1950 724 1971 tunc
746 1943 882 1972 morietur.
899 1944 928 1973 Si
940 1954 988 1972 au-
1013 1957 1017 1963 ⁴

245 1997 297 2019 tem
306 1989 408 2018 deliciae
423 2000 493 2018 mors
504 1997 565 2017 sunt
580 1989 699 2024 mulieri,
714 1989 800 2018 multo
815 1989 901 2027 magis
911 1990 987 2027 vir03

243 2044 269 2066 et
290 2037 313 2065 si
327 2036 378 2064 alio
397 2043 515 2075 tempore
531 2036 635 2064 deliciae
654 2035 778 2075 perdunt,
794 2036 882 2065 multo
903 2037 989 2075 magis

244 2089 303 2123 post
319 2089 472 2122 perceptam
487 2081 676 2121 mysteriorum
702 2082 930 2111 communionem.
946 2083 991 2111 Tu

243 2136 332 2158 autem
343 2139 412 2168 pane
430 2127 493 2156 vitae
518 2134 635 2166 accepto,
659 2138 715 2156 rem
730 2134 817 2156 morte
829 2127 939 2166 dignam
950 2128 990 2157 fa-

244 2175 290 2208 cis,
298 2181 323 2203 et
339 2184 392 2202 non
407 2173 559 2201 horrescis?
575 2172 657 2201 nescis
673 2184 754 2210 quam
773 2173 856 2202 multa
873 2174 942 2202 mala
955 2184 989 2203 ex

243 2220 348 2249 deliciis
359 2218 541 2248 inducantur?
554 2218 623 2246 risus
643 2218 857 2258 intempestivus,
867 2220 988 2249 incondi-

245 2274 270 2295 ta
279 2266 373 2302 verba,
389 2264 537 2294 scurrilitas
550 2264 677 2304 perniciei
687 2264 776 2303 plena⁷
790 2275 866 2303 nugae
878 2265 986 2295 inutiles

1030 177 1046 199 A
1054 178 1183 200 ttcmlzr.
1213 178 1400 202 CONSTAN'ri
1407 180 1468 202 ΝΟΙ)
1475 195 1481 201 .

1046 240 1144 272 νῶντας
1165 240 1365 279 παρατρέχομεν
1378 252 1384 257 ·
1400 240 1416 268 ἃ
1438 240 1482 269 καὶ
1501 240 1631 279 Κορίνθιοι
1645 242 1703 270 τότε
1723 243 1811 271 ἐνεκα-

1045 286 1143 314 λοῦντο.
1157 286 1208 314 Καὶ
1223 287 1286 315 πότε
1300 289 1375 314 τοῦτο
1389 286 1502 325 γίνεται,
1518 286 1612 326 φησίν,
1625 287 1632 297 ’
1654 287 1676 316 εὶ
1689 287 1749 325 μὲν,
1763 289 1812 326 μοί·

1044 332 1121 360 λιστα
1136 332 1162 360 δὲ
1179 334 1204 361 ἐν
1224 338 1280 366 ταῖς
1301 334 1416 371 ἑορταῖς,
1438 332 1480 361 ὅτε
1499 334 1614 371 μάλιστα
1627 333 1744 370 γίνεσθαι
1765 335 1811 362 οὐκ

1044 379 1133 416 ἐχρῆν.
1150 379 1202 407 Καὶ
1213 379 1262 417 γὰρ
1277 378 1334 407 τότε
1350 378 1417 416 μετὰ
1431 378 1478 415 τὴν
1490 379 1624 407 κοινωνίαν
1640 379 1732 412 εὐΟέως
1745 379 1810 418 με’θη

1045 423 1208 463 διαδέχεται,
1225 425 1270 453 καὶ
1288 425 1405 460 πενήτων
1421 425 1551 464 ὑπεροψία
1563 438 1568 442 ”
1582 425 1625 454 καὶ
1639 429 1684 454 τοῦ
1703 425 1813 463 αἵματος

1046 470 1214 506 μεταλαέῗὼν,
1226 470 1269 500 ὅτε
1283 471 1404 506 νηστείας
1416 483 1456 500 σοι
1468 471 1556 510 καιρὸς
1573 471 1617 499 καὶ
1633 471 1747 510 νήψεως,
1758 483 1812 499 πα-

1046 519 1137 553 ροινεῖς
1149 516 1193 544 καὶ
1205 517 1345 555 κωμάζεις.
1357 518 1413 546 Κᾶν
1427 517 1473 555 μέν
1487 529 1513 545 τι
1524 517 1639 557 χρηστὸν
1655 516 1737 556 τύχῃς
1751 519 1812 556 ἠρι-

1046 561 1164 596 ormam,
1177 563 1314 601 φυλάττεις
1329 563 1438 599 σαυτὸν,
1453 563 1521 592 ὥστε
1534 563 1571 601 μὴ
1589 563 1670 603 ἑτέρῳ
1687 563 1812 601 ἐδέσματι

1045 609 1151 646 πονηρῷ
1172 608 1338 645 λυμήνασθαι
1351 609 1381 637 τὸ
1394 609 1519 648 πρότερον
1533 621 1538 626 ·
1554 610 1664 647 Πνεῦμα
1679 608 1706 638 δὲ
1721 610 1806 638 ἑστια-

1046 652 1108 688 θεὶς,
1129 654 1271 689 σατανικὴν
1293 655 1439 692 ἐπεισάγεις
1458 655 1566 693 τρυφήν.
1590 654 1748 691 Ἐννόησον,
1769 656 1812 684 ὅτε

1047 699 1189 736 μετέλαὸον
1204 702 1226 729 οἱ
1248 701 1388 729 ἀπόστολοι
1407 703 1458 728 τῶν
1473 702 1548 739 ἱερῶν
1565 700 1674 729 δείπνων
1691 701 1811 737 ἐκείνων,

1046 745 1072 773 τί
1086 746 1211 781 ἐποίησαν
1223 758 1229 764 ·
1242 747 1300 785 οὐχὶ
1316 748 1351 779 εἰς
1361 746 1439 785 εὐχὰς
1449 746 1600 786 ἐτράπησαν
1611 746 1656 775 καὶ
1667 747 1810 787 ὕμνῳδίας;

1045 791 1104 830 οὐχὶ
1123 793 1158 824 εἷς
1172 793 1333 831 παννυχίδας
1347 793 1433 831 ἱεράς
1452 792 1509 832 οὐχὶ
1523 794 1558 825 εἷς
1579 792 1748 822 διδασκαλίαν
1762 793 1811 829 τὴν

1047 837 1150 876 μακρὰν
1167 838 1267 873 ἐκείνην
1284 839 1329 867 καὶ
1342 839 1442 873 πολλῆς
1451 838 1582 876 γέμουσαν
1595 839 1759 878 φιλοσοφίας
1778 839 1810 867 τὰ

1044 883 1095 922 γὰρ
1114 884 1217 923 μεγάλα
1234 885 1278 913 καὶ
1297 884 1431 924 παράδοξα
1449 884 1509 913 τότε
1531 886 1616 918 αὐτοῖς
1636 885 1750 924 διηγεῖτο
1765 885 1810 914 καὶ

1044 930 1238 970 παρήγγελλεν,
1261 932 1417 963 ἀπελθόντος
1441 934 1486 959 τοῦ
1509 930 1594 960 Ἰούδα
1617 931 1728 960 καλέσαι
1752 931 1811 964 τοὺς

1044 976 1187 1014 μέλλοντας
1202 977 1278 1006 αὐτὸν
1298 981 1432 1016 σταυρῶν.
1447 979 1505 1006 Οὐκ
1519 978 1634 1012 ἤκουσας
1648 979 1704 1010 πῶς
1721 977 1766 1006 καὶ
1786 979 1810 1006 οἱ

1043 1024 1186 1063 τρισχίλιοι
1205 1026 1228 1053 οἱ
1250 1027 1297 1059 τ’ῆς
1319 1024 1454 1057 κοινωνίας
1477 1023 1651 1056 ἀπολαύοντες
1671 1024 1811 1056 διαπαντὸς

1043 1064 1109 1103 ἦσαν
1123 1072 1376 1109 προσκαρτεροῦντες
1390 1072 1422 1108 τῇ
1437 1071 1569 1108 προσευχῇ
1585 1069 1629 1098 καὶ
1641 1071 1674 1108 τῇ
1688 1070 1810 1098 διδασκα-

1043 1114 1100 1153 λία,
1114 1117 1142 1144 οὐ
1159 1115 1251 1153 μεὊαις
1264 1115 1308 1144 καὶ
1323 1115 1439 1153 κώμοις;
1454 1115 1492 1144 Σὺ
1507 1115 1533 1144 δὲ
1554 1114 1615 1154 πρὶν
1630 1114 1647 1150 ἢ
1663 1114 1709 1153 μὲν
1726 1127 1810 1153 μετα-

1043 1161 1133 1190 λαοεῖν
1152 1157 1305 1197 νηστεύεις,
1320 1161 1362 1190 ἵνα
1382 1162 1554 1197 ὁπωσδήποτε
1576 1161 1646 1194 ἄξιος
1664 1164 1747 1201 φανῇς
1763 1163 1810 1196 τῆς

1043 1207 1178 1240 κοινωνίας
1191 1219 1196 1225 ·
1211 1207 1272 1236 ὅταν
1287 1207 1313 1237 δὲ
1327 1207 1495 1246 μεταλάέῃς,
1509 1207 1564 1236 δέον
1579 1219 1607 1236 σε
1623 1208 1750 1236 ἐπιτεῖναι
1762 1206 1810 1242 τὴν

1044 1253 1226 1292 σωφροσύνην,
1244 1254 1331 1283 πάντα
1355 1253 1506 1286 ἅπολλύεις,
1522 1253 1615 1282 Καίτοι
1630 1264 1660 1291 γε
1675 1254 1722 1282 οὐκ
1740 1252 1810 1282 ἔστιν

1044 1298 1098 1328 ἴσον
1110 1300 1161 1338 πρὸ
1171 1300 1262 1329 τούτου
1274 1300 1364 1339 νήφειν
1373 1322 1380 1335 ,
1397 1299 1441 1327 καὶ
1455 1299 1522 1337 μετὰ
1535 1303 1618 1328 ταῦτα
1630 1310 1636 1316 ·
1650 1299 1688 1327 δεῖ
1701 1298 1748 1337 μὲν
1759 1299 1811 1338 γὰρ

1045 1345 1070 1372 ἐν
1085 1345 1201 1385 ἑκατέρῳ
1217 1350 1372 1384 σωφρονεῖν,
1389 1345 1505 1383 μάλιστα
1520 1344 1547 1373 δὲ
1567 1344 1634 1383 μετὰ
1650 1345 1680 1373 τὸ
1691 1344 1811 1378 δέξασθαι

1044 1391 1086 1420 τὀν
1099 1391 1207 1430 νυμφίον
1222 1403 1227 1408 ·
1238 1392 1289 1429 πρὸ
1302 1391 1392 1420 τούτου
1405 1390 1464 1429 μὲν,
1481 1391 1524 1420 ἵνα
1537 1391 1606 1424 ἄξιος
1623 1390 1686 1430 γένῃ
1703 1395 1748 1420 τοῦ
1765 1393 1811 1421 λα-

1045 1438 1114 1473 θεῖν,
1128 1438 1193 1475 μετὰ
1215 1438 1241 1466 δὲ
1256 1441 1354 1473 ταῦτα,
1369 1437 1411 1466 ἵνα
1434 1437 1470 1475 μὴ
1492 1437 1594 1470 ἀνάξιος
1608 1440 1690 1476 φανῇς
1702 1432 1737 1466 ὧν
1752 1437 1810 1466 ἔλα-

1044 1484 1096 1517 ἒες.
1111 1483 1146 1512 Τί
1162 1479 1219 1519 οὖν,
1236 1483 1369 1519 νηστεύειν
1383 1484 1420 1512 δεῖ
1434 1483 1501 1521 μετὰ
1519 1482 1549 1511 τὸ
1562 1483 1652 1511 λαὸεῖν
1663 1495 1670 1519 ;
1682 1484 1722 1512 Οὖ
1740 1483 1810 1522 λέγω

1042 1533 1132 1565 τοῦτο,
1147 1529 1205 1558 οὐδὲ
1219 1530 1419 1565 καταναγκάζω.
1435 1528 1522 1557 Καλὸν
1539 1528 1586 1567 μὲν
1596 1528 1648 1568 γὰρ
1662 1529 1707 1558 καὶ
1721 1531 1810 1558 τοῦτο·

1042 1574 1111 1609 πλὴν
1131 1577 1159 1604 οὐ
1173 1575 1296 1613 βιάζομαι
1315 1578 1417 1611 3τοῦτο,
1429 1575 1495 1603 ἀλλὰ
1512 1577 1633 1614 παραινῶ
1655 1574 1691 1612 μὴ
1711 1580 1809 1614 τρυφᾷν

1043 1622 1078 1653 εἷς
1089 1621 1248 1656 ἀπληστίαν.
1262 1622 1294 1649 Εἰ
1304 1621 1355 1660 γὰρ
1367 1620 1490 1649 οὐδέποτε
1499 1620 1551 1660 χρὴ
1561 1625 1671 1660 τρυφᾷν,
1681 1621 1725 1649 καὶ
1735 1624 1810 1650 τοῦτο

1043 1670 1056 1696 ὃ
1079 1668 1182 1699 Παῦλος
1202 1666 1330 1701 ἐδήλωσεν
1355 1666 1436 1695 εἰπὼν
1461 1668 1514 1702 ὅτι,
1538 1665 1573 1694 ‘H
1597 1667 1624 1695 δὲ
1647 1667 1810 1695 σπαταλῶσα

1044 1715 1115 1746 ζῶσα
1127 1713 1247 1748 τέθνηκε,
1267 1714 1356 1752 πολλῷ
1373 1714 1471 1750 μᾶλλον
1487 1712 1546 1741 τότε
1561 1711 1720 1747 τεθνήξεται.
1736 1713 1770 1741 Εἰ
1784 1712 1812 1740 δὲ
1834 1718 1837 1719 ’

1042 1759 1146 1798 γυναικὶ
1166 1761 1181 1793 ἡ
1202 1758 1286 1798 τρυφὴ
1301 1758 1424 1793 Θάνατος,
1438 1759 1529 1797 πολλῷ
1550 1758 1648 1796 μᾶλλον
1661 1758 1753 1798 ἀνδρί·
1768 1758 1812 1786 καὶ
1845 1762 1851 1767 “

1043 1808 1065 1834 εἰ
1079 1807 1105 1834 ἐν
1121 1806 1192 1845 ἄλλῳ
1207 1807 1292 1844 καιρῷ
1312 1808 1386 1834 τοῦτο
1406 1804 1539 1843 γινόμενον
1561 1804 1708 1841 ἀπόλλυσι,
1722 1805 1812 1843 πολλῷ

1044 1853 1141 1889 μᾶλλον
1158 1851 1225 1889 μετὰ
1240 1851 1287 1885 τὴν
1307 1852 1358 1879 τῶν
1381 1850 1530 1889 μυστηρίων
1552 1849 1698 1878 κοινωνίαν.
1721 1850 1760 1879 Σὺ
1784 1849 1812 1878 δὲ

1043 1899 1120 1937 ἄρτον
1141 1899 1209 1932 ζωῆς
1221 1897 1324 1932 λαὸὼν,
1346 1901 1457 1936 πρᾶγμα
1474 1896 1585 1925 θανάτου
1600 1900 1696 1931 ποιεῖς,
1718 1897 1763 1925 καὶ
1782 1899 1811 1926 οὗ

1042 1944 1171 1984 φρίττεις;
1196 1945 1241 1972 οὐκ
1265 1939 1340 1971 οἶσθα
1359 1943 1407 1971 ὅσα
1430 1943 1482 1971 ἀπὸ
1508 1944 1607 1982 τρυφῆς
1629 1942 1811 1982 ἐπεισέρχεται

1041 1990 1125 2026 κακοί,
1141 1990 1223 2028 γέλως
1245 1990 1365 2028 ἄκαιρος,
1383 1989 1488 2027 ῥήματα
1512 1989 1628 2024 ἄτακτα,
1653 1989 1811 2029 εὗτραπελία

1041 2037 1146 2076 ὀλέθρου
1160 2036 1286 2074 γέμουσα,
1305 2034 1418 2074 φλυαρία
1434 2035 1566 2070 ἀνόνητος,
1580 2034 1614 2063 τὰ
1631 2035 1699 2063 ἄλλα
1712 2035 1730 2063 ἃ
1743 2034 1810 2073 μηδὲ

1042 2085 1122 2112 εἰπεῖν
1140 2082 1229 2112 καλόν.
1246 2082 1298 2110 Καὶ
1317 2085 1400 2109 ταῦτα
1414 2085 1497 2113 ποιεῖς
1514 2081 1646 2121 τραπέζης
1659 2081 1811 2114 ἀπολαύσας

1042 2131 1171 2168 Χριστοῦ,
1187 2128 1255 2157 κατὰ
1269 2127 1316 2162 τὴν
1327 2127 1427 2166 ἡμέραν
1439 2127 1554 2163 ἐκείνην,
1568 2129 1627 2156 καθ’
1644 2127 1676 2163 ἣν
1691 2128 1808 2166 ἅψασθαι

1041 2176 1083 2204 διὰ
1101 2175 1219 2214 γλώττης
1234 2176 1286 2202 τῶν
1312 2175 1415 2213 σαρκῶν
1442 2175 1519 2202 αὐτοῦ
1543 2173 1715 2209 κατηξιώῡης.
1732 2173 1810 2207 Ι’Πᾶς

1039 2217 1097 2257 οὖν,
1111 2221 1154 2250 ἵνα
1165 2224 1248 2249 ταῦτα
1259 2219 1296 2258 μὴ
1311 2219 1426 2258 γίνηται,
1438 2219 1578 2258 καθοίγνιζέ
1593 2231 1638 2248 σου
1653 2219 1701 2254 τὴν
1713 2219 1808 2256 δεξιὰν,

1039 2268 1086 2303 τὴν
1110 2269 1245 2306 γλῶτταν,
1265 2265 1298 2294 τὰ
1316 2265 1408 2305 χείλη,
1430 2265 1496 2304 ἅπερ
1514 2265 1616 2303 ἐγένετο
1635 2265 1752 2304 πρόθυρα
1774 2267 1807 2304 τῇ

1039 2314 1160 2343 {sufficet
1181 2316 1225 2341 τοῦ
1251 2313 1366 2351 Χριστοῦ
1380 2323 1386 2329 ·
1401 2311 1446 2340 καὶ
1465 2311 1597 2349 τράπεζαν
1617 2311 1744 2350 παραθεὶς
1765 2313 1807 2340 αἷ-

93 2331 144 2351 0„‚,
153 2331 194 2350 m„
205 2338 236 2350 π,
246 2321 271 2343 et
286 2314 337 2342 alia
354 2323 411 2351 quae
422 2310 505 2341 nefas
516 2311 624 2349 quidem
644 2318 682 2339 est
694 2311 790 2340 dicere.
807 2312 841 2340 Et
854 2312 909 2341 haec
921 2313 986 2343 facis

103 2352 109 2358 ἱ
1040 2360 1152 2396 σθητὴν,
1167 2359 1231 2399 πρὸς
1245 2357 1345 2393 ἐκείνην
1363 2357 1412 2392 τὴν
1423 2357 1553 2397 τράπεζαν
1572 2357 1616 2386 τὸν
1630 2360 1688 2386 νοῧν
1705 2357 1807 2386 ἅνάτει-

264 2367 386 2399 ostquam
397 2359 432 2388 ad
448 2358 547 2387 Christi
562 2368 681 2387 mensam
697 2365 823 2398 exceptus
836 2359 920 2396 fuisti,
938 2360 986 2389 illo

93 2363 215 2382 credundum

93 2394 121 2413 nd
153 2393 236 2413 ‹ll-nsit

93 2431 198 2444 mensam.

274 2474 283 2484 Β
303 2465 386 2498 [τοῦτο
396 2463 467 2488 abest
478 2464 502 2487 in
517 2464 557 2495 Α.]

275 2507 286 2523 ¹¹
307 2504 348 2538 [A.
364 2505 390 2530 B.
408 2510 433 2528 et
444 2512 521 2536 marg.
534 2501 611 2527 Sat-il.
626 2510 670 2531 πῶς
686 2503 763 2527 οἶν»...
779 2507 879 2535 γίνῃ-ταις
897 2505 958 2535 Quae
971 2506 995 2529 in

243 2545 306 2569 huuc
319 2552 415 2569 sensum
429 2543 548 2568 vertimus
559 2551 563 2564 2
578 2540 619 2575 Qu
628 2541 649 2564 ἰΙ
661 2550 718 2573 erga
732 2541 885 2574 faciendum,
898 2552 928 2567 ne
942 2543 995 2569 han„-

1034 2465 1130 2499 fianl?
1150 2465 1197 2490 Pro
1216 2468 1334 2497 καθάγνιξε
1355 2463 1384 2487 Λ.
1397 2463 1424 2486 Β.
1444 2467 1577 2496 κατάμαθε,
1591 2469 1615 2487 et
1634 2468 1691 2495 post
1710 2467 1806 2497 Χριστοῦ

1045 2503 1143 2528 addunt
1159 2503 1224 2533 liceo,
1240 2508 1339 2532 ἐννόησον
1361 2506 1396 2527 τὀν
1415 2506 1500 2535 καιρὸν,
1515 2505 1564 2528 καθ’
1574 2506 1599 2528 ὃν
1619 2508 1711 2531 πνοσίης
1723 2502 1804 2536 (προσ-

1047 2547 1101 2578 ἑρκῇ
1116 2543 1178 2575 Α·)-]
