1906 2866
523 179 557 203 ΙΝ
585 178 692 202 EPtST.
721 178 758 201 11.

54 243 99 276 τὸ,
114 242 194 280 ἀμήν.
212 242 304 271 Ταῦτα
318 241 347 269 δέ
366 252 409 278 μοι
423 241 510 269 πάντα
522 240 592 272 τίνος
605 239 691 268 ἕνεκεν
706 239 823 277 εἴρηται,

54 288 114 317 Ἵνα
137 288 231 321 διδάξω
256 287 295 315 ὅτι
315 289 346 316 τὸ
368 287 463 325 ἑτέρων
479 287 517 315 δεῖ
531 288 628 320 ζητεῖν,
639 285 682 313 ἵνα
698 284 734 322 μὴ
749 284 824 321 νομί-

55 346 136 362 σωσιν
156 337 179 362 οἷ
194 333 282 362 πιστοὶ
296 332 377 371 μηδὲν
392 328 458 360 εἶναι
472 332 536 370 πρὸς
551 330 728 366 αὐτοὺς,ὁ’ταν
743 334 824 359 ταῦτα

54 378 172 416 λέγηται.
193 379 233 407 Οὔ
253 377 303 416 γὰρ
324 376 356 410 δὴ
373 381 426 408 τοῖς
448 376 546 414 τοίχοις
568 378 582 404 ὁ
602 375 719 407 διάκονος
739 374 825 412 λέγει,

55 424 189 460 δεηὺῶμεν
203 422 269 460 ὓπερ
281 424 332 450 τῶν
346 421 561 460 κατηχουμένων.
573 419 651 449 Ἀλλὰ
666 420 732 452 τινὲς
744 419 827 452 οὕτως

54 469 118 498 εἰσὶν
141 469 246 503 ἀνόητοι
267 468 311 496 καὶ
335 469 430 505 βλᾶκες
451 468 496 496 καὶ
519 467 764 504 διαλελυμένοι,ὡς
788 466 825 504 μὴ

55 514 132 553 μόνον
148 516 174 543 ἐν
196 517 234 554 τῷ
248 515 332 552 καιρῷ
347 516 398 542 τῶν
420 513 636 552 κατηχουμένων,
652 512 719 541 ἀλλὰ
733 512 778 540 καὶ
800 514 825 541 ἐν

53 563 91 599 τῷ
107 563 191 600 καιρῷ
205 563 257 589 τῶν
270 562 370 589 πιστῶν
387 560 494 590 ἑστάναι
509 560 554 588 καὶ
578 559 752 598 διαλέγεσθαι.
765 559 826 587 Ἐν-

53 609 140 635 τεῦθεν
156 606 243 634 πάντα
256 606 437 644 διέστραπται,
449 608 564 635 ἐντεῦθεν
579 605 666 634 πάντα
681 604 826 636 ἀπόλωλεν,

54 653 93 681 ὅτι
108 654 134 680 ἐν
154 655 192 692 τῷ
206 654 306 692 καιρῷ,
319 653 345 680 ἐν
359 647 381 689 ᾧ
397 653 514 690 μάλιστα
528 652 565 680 δεῖ
579 652 622 680 τὸν
639 652 707 679 Θεὸν
726 652 826 679 καταλ-

53 698 170 731 λάττειν,
187 700 214 727 ἐν
232 698 316 736 τούτῳ
339 697 351 712 ¹³
364 697 551 735 παροξύνοντες
570 696 678 734 ἄπιμεν.
701 696 754 724 Καὶ
776 696 828 736 γὰρ

55 745 99 773 ἐπὶ
113 746 165 772 τῶν
180 746 280 772 πιστῶν
296 743 363 781 ὑπὲρ
377 743 538 777 ἐπισκόπων,
550 742 615 781 ὑπὲρ
629 741 826 781 πρεσῧυτέρων,

54 790 120 829 ὑπὲρ
138 789 284 828 βασιλέων,
297 788 362 827 ὑπὲρ
375 790 427 816 τῶν
443 788 623 828 κρατούντων,
637 787 703 826 ὑπὲρ
717 790 765 826 γῆς
782 787 828 816 καὶ

54 835 204 870 Θαλάσσης,
220 834 286 874 ὑπὲρ
301 834 395 873 ἀέρων,
407 833 473 872 ὑπὲρ
489 836 537 868 τῆς
556 833 709 871 οἰκουμένης
724 833 828 866 ἁπάσης

54 880 214 918 κελευόμεθα
235 880 372 919 προσιέναι
391 882 429 918 τῷ
453 879 628 918 φιλανθρώπῳ
651 880 722 917 Θεῷ.
742 878 827 907 νΟταν

55 922 98 954 οὖν
126 928 149 955 οἱ
174 926 303 961 τοσαύτην
329 925 474 964 ὀφείλοντες
501 924 570 963 ἔχειν
600 924 751 963 παρρησίαν
761 947 768 959 ‚
794 926 829 956 ὡς

55 972 123 1012 ὑπὲρ
140 972 284 1012 ἀλλοτρίων
302 973 410 1006 δεῖσθαι,
423 970 489 1008 μηδὲ
504 970 569 1008 ὑπὲρ
588 972 686 998 ἑαυτῶν
706 970 830 1008 νῆᾳοντες

57 1019 274 1057 προσευχώμεθα,
287 1017 326 1050 τίς
339 1020 403 1054 ἡμῖν
418 1019 435 1051 ἡ
451 1016 594 1053 &nolo-(loq
607 1015 670 1043 ποία
685 1015 831 1054 συγγώμη,

57 1064 106 1092 Διὸ
120 1064 152 1098 δὴ
171 1064 320 1102 παρακαλῶ
335 1065 417 1090 ταῦτα
433 1062 521 1091 πάντα
536 1061 722 1096 ἐννοήσαντας,
736 1061 831 1089 εἰδέναι

55 1109 146 1148 καιρὸν
161 1111 250 1148 εὐχῆς.
264 1108 309 1136 καὶ
323 1108 479 1146 μεταρσίους
494 1107 625 1146 γίνεσθαι,
638 1107 682 1135 καὶ
695 1107 829 1135 ἀπαλλάτ-

55 1158 145 1184 τεσθαι
160 1157 207 1189 τῆς
227 1156 285 1192 γῆς,
297 1154 343 1182 καὶ
359 1156 444 1182 αὐτῶν
460 1154 588 1182 ἅπτεσθαι
603 1155 654 1181 τῶν
668 1153 767 1191 ἀψίδων
784 1156 830 1181 τοῦ

55 1203 174 1239 οὐρανοῦ,
186 1200 230 1228 ἵνα
245 1201 395 1237 δυνηθῶμεν
412 1199 455 1228 τὸν
475 1200 543 1228 Θεὸν
557 1212 564 1227 ι
583 1211 631 1227 sora
645 1201 771 1233 ποιῆσαι,
784 1199 829 1227 καὶ

54 1251 143 1286 τυχεῖν
158 1249 210 1275 τῶν
231 1245 434 1285 ἐπηγγελμένων
456 1247 560 1283 ἀγαθῶν
570 1257 575 1262 ·
591 1240 627 1273 ὧν
646 1244 747 1283 γένοιτο
762 1245 829 1272 πάν-

54 1305 102 1325 τας
126 1295 196 1330 ἡμᾶς
220 1294 364 1330 ἐπιτυχεῖν,
387 1292 477 1331 χάριτι
501 1292 546 1320 καὶ
572 1291 755 1330 φιλανῡρωττίᾳ
782 1293 826 1319 τοῦ

788 178 833 199 ΑΙ)
861 177 937 200 COR.

967 177 1084 200 nomn.
1115 177 1151 199 u.
1551 163 1620 198 513

877 237 918 266 nis
932 237 1140 271 indumentum,
1157 247 1218 265 cum
1239 236 1444 275 regenerationis
1466 235 1620 273 lavacrum,

877 283 1027 312 doctrinam
1051 284 1203 312 universam
1227 283 1268 311 his
1293 283 1383 311 verbis
1409 282 1621 321 complectimur.

878 330 982 358 Rursus
993 340 1055 357 cum
1066 337 1179 357 mentem
1191 329 1284 357 divino
1295 329 1404 357 numine
1415 328 1548 363 afflatam,
1559 338 1620 355 cum

878 375 996 404 sobriam
1011 375 1214 413 cogitationem,
1232 385 1293 403 cum
1307 374 1423 411 denique
1439 380 1547 407 caetera,
1561 383 1621 411 quse

878 432 893 449 a
909 421 987 450 nobis
1005 428 1211 449 commemorata
1231 428 1310 456 sunt,
1327 420 1410 449 vitam
1424 420 1618 458 significamus.

844 472 861 494 Ε
880 469 996 496 Demum
1017 478 1060 495 eos
1079 468 1164 506 capita
1181 467 1310 495 inclinare
1322 466 1463 505 jubemus,
1477 466 1528 494 hoc
1540 465 1621 494 vidc-

879 513 941 541 licet
957 520 1114 551 argumento
1129 523 1219 552 preces
1231 511 1371 541 exauditas
1383 522 1439 540 esse
1458 518 1602 540 statuentes
1613 533 1621 547 ,

878 559 951 598 quod
968 560 1042 587 Deus
1062 570 1106 587 eos
1125 559 1275 587 benedicat.
1292 559 1384 596 Neque
1403 557 1474 586 enim
1488 557 1568 586 homo
1583 563 1622 585 est

878 605 925 643 qui
941 605 1090 641 benedicit,
1107 605 1153 633 sed
1173 616 1220 644 per
1234 605 1307 633 illius
1327 614 1437 632 manum
1456 613 1488 632 ac
1501 603 1622 642 linguam

879 652 935 690 regi
951 652 1003 691 ipsi
1018 652 1104 691 capita
1117 662 1209 680 eorum
1218 674 1225 686 ‚
1237 651 1283 690 qui
1295 650 1394 679 adsunt
1405 673 1411 685 ‚
1427 650 1574 679 offerimus.
1585 652 1623 679 Ac

880 705 937 726 tum
956 698 1101 726 inclamant
1112 708 1203 726 omncs
1213 721 1219 728 .
1231 698 1341 726 Amen.
1354 697 1418 725 Haec
1431 703 1519 725 autem
1535 696 1624 725 omnia

880 755 1011 782 quorsum
1026 743 1136 772 tandem
1149 754 1163 771 a
1175 754 1217 772 me
1231 743 1304 772 dicta
1316 742 1397 771 sunt?
1407 743 1446 771 Ut
1457 742 1567 771 doceam
1576 752 1625 771 nos

881 790 997 818 aliorum
1017 789 1157 818 commoda
1176 800 1294 827 quaerere
1310 788 1406 817 debere
1417 812 1423 822 ‚
1439 799 1470 817 ac
1484 799 1517 816 ne
1533 794 1625 827 putent

863 858 870 875 ι
882 835 974 864 fideles
986 835 1044 864 haec
1054 858 1060 871 ,
1071 846 1132 863 cum
1144 835 1297 867 recitantur,
1312 834 1380 863 nihil
1391 834 1426 862 ad
1442 845 1470 863 se
1484 834 1624 873 pertinere.

846 885 864 906 Α
881 883 974 919 Neque
988 882 1060 910 enim
1078 881 1113 910 ad
1132 882 1245 921 parietes
1266 881 1395 910 diaconus
1414 881 1548 919 loquitur,
1563 891 1625 909 cum

881 927 936 964 ait,
961 929 1081 955 Oremus
1105 938 1158 966 pro
1185 928 1409 956 catechumenis.
1428 928 1530 956 Verum
1555 937 1624 955 non-

883 973 951 1002 nulli
975 974 1041 1001 adeo
1066 981 1183 1001 amentes
1193 996 1201 1009 ,
1225 980 1306 1012 atque
1331 973 1422 1011 ignavi
1448 983 1479 1001 ac
1502 972 1626 1001 dissoluti

883 1026 958 1054 sunt,
970 1026 1000 1047 ut
1012 1030 1063 1047 non
1076 1019 1157 1048 modo
1167 1019 1193 1047 in
1209 1019 1476 1055 catechumenorum,
1488 1018 1533 1047 sed
1546 1019 1626 1047 etiam

883 1065 1005 1094 fidelium
1019 1072 1138 1105 tempore
1151 1072 1220 1094 stent
1234 1072 1312 1104 arque
1327 1065 1542 1094 confabulentur.
1557 1065 1628 1094 Hinc

883 1112 973 1140 omnia
985 1112 1113 1140 subversa
1126 1119 1204 1147 sunt,
1216 1111 1281 1139 hinc
1295 1111 1384 1140 omnia
1399 1111 1535 1150 periemnt
1547 1123 1553 1138 :
1565 1111 1627 1149 quia

882 1168 936 1195 quo
950 1164 1069 1195 tempore
1083 1157 1201 1184 maxime
1216 1156 1364 1184 curandum
1381 1163 1419 1183 est
1434 1163 1462 1183 ut
1477 1157 1565 1183 Deum
1581 1167 1627 1184 no-

882 1203 924 1231 bis
948 1202 1166 1237 reconciliemus,
1189 1202 1240 1229 hoc
1261 1201 1320 1240 ipso
1346 1201 1382 1228 ita
1402 1201 1582 1237 discedimus,
1598 1208 1628 1229 ut

881 1249 939 1287 ejus
953 1248 1022 1276 iram
1036 1247 1063 1276 in
1078 1258 1126 1276 nos
1140 1247 1312 1276 concitemus.
1327 1247 1470 1285 Siquidem
1484 1258 1574 1276 coram
1591 1248 1628 1275 fi-

882 1294 988 1323 delibus
1003 1304 1051 1332 pro
1066 1293 1213 1332 episcopis,
1229 1303 1279 1332 pro
1294 1293 1477 1332 preshyteris,
1494 1304 1543 1332 pro
1558 1294 1630 1331 regi-

55 1338 153 1377 Κυρίου
167 1339 242 1375 ἡμῶν
258 1338 345 1372 Ἰησοῦ
362 1339 486 1377 Χριστοῦ,
499 1339 556 1375 μεθ’
569 1333 597 1365 οῧ
617 1339 654 1377 τῷ
670 1337 758 1375 Πατρὶ
772 1337 827 1374 ἅμα
847 1350 863 1372 15
880 1341 948 1376 bus,
960 1351 1010 1380 pro
1031 1340 1238 1378 imperatoribus
1250 1362 1257 1373 ‚
1273 1350 1322 1378 pro
1344 1347 1414 1367 terra
1436 1346 1461 1368 et
1482 1339 1568 1375 mari,
1579 1351 1628 1379 pro

54 1386 91 1424 τῷ
103 1383 169 1422 ἁγίῳ
187 1383 323 1420 Πνεύματι
343 1383 420 1419 δόξα,
433 1383 542 1421 κράτος,
552 1382 633 1420 τιμὴ,
648 1386 692 1411 νῦν
713 1383 758 1412 καὶ
777 1383 827 1417 ἀεὶ,

54 1430 100 1458 καὶ
115 1431 150 1462 εἰς
163 1428 222 1462 τοὺς
237 1430 333 1462 αἰῶνας
345 1431 397 1457 τῶν
412 1429 524 1458 αἰώνων.
545 1429 636 1467 Ἀμήν.

91 2176 104 2195 ¹¹
122 2177 168 2202 MS.
179 2177 349 2210 παροξῦναντες.

882 1387 951 1415 aeris
968 1386 1113 1425 temperie,
1131 1385 1246 1423 denique
1270 1395 1319 1424 pro
1345 1385 1472 1413 universo
1495 1392 1630 1414 terrarum

882 1434 946 1463 orbe
958 1434 1108 1472 benignum
1124 1433 1272 1462 Dominum
1287 1432 1361 1460 adire
1372 1432 1509 1471 jubemur.
1526 1434 1629 1469 Quam-

882 1481 975 1509 obrem
989 1491 1050 1508 cum
1064 1490 1112 1508 nos
1122 1501 1128 1513 ,
1141 1479 1186 1517 qui
1199 1486 1272 1507 tanta
1284 1478 1383 1507 fiducia
1395 1478 1504 1518 praediti
1516 1490 1571 1507 esse
1583 1479 1629 1508 de-

882 1527 994 1562 hemus,
1009 1532 1038 1553 ut
1054 1525 1134 1554 etiam
1150 1536 1198 1564 pro
1219 1525 1281 1553 aliis
1300 1535 1407 1552 oremus
1417 1547 1424 1557 ‚
1439 1535 1472 1552 ne
1486 1535 1536 1562 pro
1552 1525 1629 1553 nobis

883 1571 994 1608 quidem
1007 1577 1108 1598 attento
1121 1580 1152 1597 ac
1165 1569 1291 1607 vigilanti
1303 1570 1392 1597 animo
1405 1579 1555 1607 precemur,
1569 1569 1628 1606 qui-

885 1628 947 1646 nam
962 1617 1157 1651 excusationis,
1169 1616 1280 1654 quinam
1295 1616 1379 1643 veniae
1394 1616 1471 1644 nobis
1485 1616 1559 1644 locus
1574 1627 1630 1645 esse

883 1664 986 1703 possit?
998 1666 1035 1691 Ac
1050 1662 1164 1702 proinde
1180 1663 1304 1698 obsecro,
1316 1669 1345 1690 ut
1364 1662 1422 1690 haec
1435 1662 1524 1690 omnia
1539 1663 1629 1691 animo

884 1721 914 1739 ac
928 1717 1016 1738 mente
1030 1709 1244 1748 complectentes,
1258 1708 1418 1747 precationis
1431 1715 1536 1747 tempus
1547 1720 1629 1747 agno-

883 1764 1007 1787 scamus·‚
1025 1753 1207 1790 sublimesque
1220 1752 1362 1780 efferamur
1376 1758 1454 1790 atque
1466 1763 1482 1780 a
1495 1759 1565 1780 terra
1577 1763 1628 1781 ex-

882 1802 1021 1835 cedamus,
1041 1801 1183 1840 ipsumque
1197 1800 1253 1828 caeli
1269 1799 1398 1828 fornicem
1411 1799 1584 1838 attingamus,
1599 1807 1630 1828 ut

885 1850 970 1877 Deum
986 1847 1063 1875 nobis
1078 1846 1226 1886 propitium
1247 1852 1273 1874 et
1292 1845 1430 1884 placidum
1454 1845 1582 1883 reddere,
1599 1857 1630 1875 ac

880 1894 1013 1934 promissa
1033 1894 1102 1922 bona
1123 1892 1248 1930 consequi
1271 1892 1424 1931 possimus:
1441 1903 1500 1930 quae
1523 1893 1627 1921 utinam

881 1942 1006 1980 consequi
1028 1941 1105 1970 nobis
1120 1940 1267 1979 contingat,
1281 1950 1328 1979 per
1341 1940 1455 1978 gratiam
1470 1950 1500 1968 ac
1516 1940 1626 1968 miseri-

881 1988 1001 2017 cordiam
1015 1987 1124 2016 Domini
1139 1987 1222 2015 nostri
1237 1987 1299 2015 Jesu
1317 1985 1435 2022 Christi,
1451 1986 1562 2024 quicum
1578 1985 1630 2013 Pa-

881 2035 916 2062 tri
939 2041 965 2062 et
986 2034 1101 2073 Spiritui
1122 2040 1211 2061 sancto
1235 2032 1318 2071 gloria
1329 2055 1336 2065 ,
1351 2031 1496 2071 imperium
1505 2054 1514 2066 ‚
1529 2031 1626 2067 honor,

882 2091 953 2109 nunc
965 2086 988 2108 et
999 2090 1114 2118 semper,
1126 2086 1152 2107 et
1164 2079 1189 2107 in
1204 2078 1299 2107 saecula
1311 2077 1478 2106 saeculorum.
1492 2079 1586 2105 Amen.
