1845 2876
556 176 587 198 m·
618 174 723 197 Et’lsT.
755 173 776 195 t.

58 240 196 279 βάπτισμα
210 238 269 275 ἐμοὶ
281 238 457 275 ἐπιφημίζειν.
473 238 506 266 Ei
520 236 570 276 γὰρ
585 235 639 265 ἀπὸ
653 236 705 263 τῶν
719 233 828 262 ἐλαττό-

56 297 106 313 νων
120 287 241 313 τοσοῦτον
263 282 365 320 ἐγένετο
379 282 471 315 κακὸν,
489 283 552 314 ἴσως
566 282 596 309 ἂν
608 281 653 310 καὶ
674 280 717 309 ἐπὶ
738 280 828 318 πολλῷ

55 329 240 370 χαλεπώτερον
266 329 318 357 ἀπὸ
342 331 392 357 τῶν
414 329 537 366 μειζόνων
552 327 664 368 προύὸη.
683 325 828 365 Ἐντρέψας

55 377 140 406 τοίνυν
167 375 224 408 τοὺς
246 375 447 414 διεφθαρμένους
464 374 546 413 ταύτῃ
559 397 566 410 ,
591 374 637 402 καὶ
665 371 826 412 προσειπὼν,

57 422 209 451 Έὸἄπτισα
233 421 260 449 δὲ
283 420 328 449 καὶ
348 421 390 449 τὸν
411 421 533 460 Στεφανᾶ
556 415 635 455 οἷκον,
650 419 730 448 πάλιν
743 418 828 446 αὐτῶν

57 467 181 506 ὑποσύρει
205 467 248 495 τὸν
267 469 346 505 τῧφο)
361 466 455 504 λέγω)
472 466 570 494 λοιπὸν
586 478 633 494 ουκ
657 461 714 493 οἰδα
734 464 758 493 εἴ
770 475 829 492 τινα

58 513 135 542 ἄλλον
151 512 289 542 ε’ὅοὶπτισα.
315 512 355 541 ’ΞΙ
349 515 450 541 ντευΟεν
474 512 524 551 γὰρ
546 512 687 547 δείκνυσιν,
711 510 751 539 ὅτι
772 508 828 538 ουδε

57 558 279 599 περισπούδαστον
293 561 325 593 ἠν
339 559 410 586 αὐτο
425 570 472 593 της
489 558 540 586 ἀπο
556 570 646 587 τουτου
661 559 740 595 τιμῆς
759 558 829 585 ἀπο-

57 605 145 634 λαύειν
162 604 235 643 παρὰ
246 616 297 632 τιον
313 605 431 639 πολλων,
444 604 501 633 οὐδὲ
513 603 586 638 δόξης
598 604 684 632 ἕνεκεν
699 602 742 631 ἐπὶ
754 606 829 631 τοῦτο

56 651 165 690 ἤρχετο.
179 651 220 679 Οὐ
234 650 334 682 τούτοις
348 649 375 678 δὲ
386 649 473 687 μόνον,
486 650 554 678 ἀλλὰ
565 650 609 678 καὶ
625 653 678 681 τοῖς
691 648 749 683 ἑξῆς
763 647 830 687 σφό-

57 696 106 734 δρα
117 697 202 724 αὐτῶν
212 695 385 724 καταστέλλει
397 695 445 730 τὴν
458 695 614 734 φλεγμονὴν,
626 695 709 733 λέγων
718 706 724 711 ·
734 694 829 732 Οὖγὰρ

56 741 196 770 ἀπέστειλέ
208 753 241 779 με
253 742 365 780 Χριο-ιὸς
375 741 520 779 βαπτίζειν,
529 741 591 769 ἀλλ
582 754 598 769 α
610 742 720 778 ευαγγελ
715 740 830 773 ίζεσθαι.

54 788 94 816 Το
107 787 178 826 γὰρ
166 786 356 826 ἐπιπονώτερον
368 799 413 815 και
424 789 522 816 πολλου
537 787 659 824 δεόμενον
671 787 770 825 μόχῡου
784 798 829 815 και

56 835 143 872 ψυχῆς
158 834 284 872 σιδηρᾶς,
304 845 349 861 και
367 832 381 860 ὃ
400 832 486 861 πάντα
501 837 620 885 συνεῖχε,
635 836 694 861 τοῦτ
697 843 710 859 ο
724 835 766 866 ἠν.
781 831 829 859 Διὸ

56 879 101 906 καὶ
115 880 219 911 Παῦλος
240 879 304 907 αυτὸ
327 880 399 916 ἐνεχε
403 878 504 917 ιρίζετο.
523 877 575 905 Και
593 877 661 909 τίνος
681 877 768 905 ἕνεκεν
791 877 828 914 μὴ

56 923 213 956 ἀποσταλεὶς
228 923 375 961 βαπτίζειν,
392 923 543 957 ἐῧάπτιζεν;
559 924 599 951 Οὐ
620 922 769 960 μαήόμενος
791 923 829 959 τῷ

55 969 258 1004 ἀποστείλαντι,
273 969 331 996 ἀλλ’
347 970 377 997 ἐκ
397 968 548 1007 περιουσίας
572 971 648 996 τοῦτο
672 969 764 996 ποιῶν.
788 968 828 995 Οὐ

55 1015 106 1070 γὰρ
119 1010 191 1044 εἶπεν
207 1014 248 1043 ὅτι
261 1013 405 1050 ἐκωλύθην,
419 1016 487 1049 ἀλλ’,
507 1013 547 1042 ὅτι
559 1016 606 1042 οὐκ
622 1014 774 1049 ἀπεστάλην
786 1014 828 1042 ἐπὶ

54 1060 149 1100 τούτῳ,
163 1061 244 1089 ἀλλ”
233 1060 276 1088 επὶ
288 1072 326 1098 τῳ
347 1062 490 1099 ἀναγκαιοτ
481 1059 557 1098 ἅτις.)
574 1060 613 1087 Τὸ
626 1071 672 1097 μεν
687 1059 739 1099 γὰρ
754 1061 829 1097 εὐαγ-

55 1106 202 1146 γελίζεσθαι
222 1106 278 1138 ἑνός
300 1118 350 1134 που
374 1117 418 1134 και
440 1106 574 1145 δευτέρου,
591 1105 621 1134 τὸ
643 1106 670 1133 οὲ
694 1104 829 1143 βαπτίζειν

54 1153 151 1185 παντὸς
165 1152 196 1180 ἂν
211 1152 250 1187 εἴη
267 1155 312 1180 τοῦ
327 1163 374 1187 την
389 1151 533 1192 ἱερωσύνην
552 1151 665 1190 ἔχοντος
678 1151 829 1191 Ἄνθρωπον

56 1199 103 1237 μὲν
122 1199 173 1238 γὰρ
192 1197 390 1237 κατηχούμενον
405 1197 556 1230 ι’λαὸόντας
582 1197 626 1226 καὶ
654 1197 828 1235 πεπεισμένον

55 1244 199 1283 βατι-τίσαι,
214 1244 311 1276 παντὸς
327 1245 473 1272 οὑτινοσοῦν
486 1246 556 1273 ἐστιν
566 1255 572 1261 ·
582 1247 598 1279 ἡ
615 1243 667 1283 γὰρ
679 1243 830 1282 προαίρεσις

54 1293 100 1319 τοῦ
114 1290 266 1331 προσιόντος
283 1290 374 1319 λοιπὸν
395 1291 532 1329 ἐργάζεται
558 1290 588 1319 τὸ
614 1295 677 1325 πᾶν,
691 1290 736 1318 καὶ
751 1292 767 1324 ἡ
785 1293 830 1319 τοῦ

55 1339 125 1366 Θεοῦ
136 1337 226 1376 χάρις·
239 1336 300 1364 ὅταν
313 1336 339 1364 δὲ
355 1335 481 1369 ἀπίστους
493 1336 537 1374 δέῃ
548 1338 700 1374 κατηχῆσαι
709 1358 716 1371 ,
733 1336 830 1364 πολλοῦ

56 1383 94 1411 δεῖ
107 1382 187 1412 πόνου
197 1405 204 1418 ,
219 1382 319 1416 πολλῆς
332 1384 379 1417 τῆς
392 1381 494 1420 σοφίας·
505 1381 565 1410 τότε
581 1381 607 1411 δὲ
622 1381 667 1410 καὶ
689 1381 719 1410 τὸ
738 1381 830 1410 κινδυ-

55 1427 136 1457 νεύειν
147 1429 258 1467 προσῆν.
273 1427 348 1456 Ἐκεῖ
363 1426 410 1465 μὲν
423 1426 474 1466 γὰρ
488 1428 519 1456 τὸ
532 1432 584 1456 πᾶν
597 1427 686 1466 γε’γονε
697 1449 704 1463 ,
725 1427 770 1455 καὶ
783 1426 830 1455 πέ-

55 1485 161 1502 πεισται
176 1475 190 1502 ὁ
210 1475 440 1511 μυσταγωγεῖσθαι
455 1472 572 1510 μέλλων,
595 1473 641 1501 καὶ
654 1471 727 1501 οὐδὲν
745 1472 830 1511 μέγα,

55 1519 194 1548 πεισθέντα
217 1518 346 1557 βαπτίσαι
355 1530 361 1536 ·
378 1520 490 1548 ἐνταῦθα
503 1518 530 1547 δὲ
544 1518 625 1551 πολὺς
639 1521 652 1547 ὃ
666 1518 744 1550 πόνος
762 1518 830 1546 ὥστε

56 1569 213 1603 μεταπεῖσαι
238 1564 399 1603 προαίρεσιν,
417 1564 462 1593 καὶ
479 1567 630 1602 μεταθεῖναι
650 1563 771 1602 γνώμην,
785 1563 829 1592 καὶ

55 1611 252 1650 ἇναμοχλεῧσαι
272 1610 392 1645 πλάνην,
414 1610 459 1638 καὶ
483 1613 679 1648 καταφυτεῦσαι
702 1609 750 1644 τὴν
766 1609 829 1645 ἀλή-

56 1659 138 1685 θειαν.
152 1656 220 1685 Ἀλλ’
235 1657 263 1684 οὗ
278 1656 350 1694 λέγει
366 1659 450 1684 ταῦτα
467 1655 564 1691 οὕτως,
579 1655 637 1684 οὐδὲ
662 1655 829 1684 κατασκευά-

58 1703 95 1734 ζει
118 1701 164 1730 καί
187 1713 275 1740 φησιν,
300 1700 340 1729 ὅτι
360 1701 452 1730 οὐδένα
477 1701 555 1729 πόνον
569 1701 625 1740 ἔχει
641 1700 670 1729 τὸ
686 1700 830 1739 βαπτίσαι,

58 1747 126 1776 ἀλλὰ
137 1747 167 1776 τὸ
177 1746 393 1784 εὐαγγελίσασθαι
403 1759 408 1764 ·
420 1742 473 1775 οἶδε
483 1747 533 1784 γὰρ
543 1747 583 1775 ἀεὶ
595 1747 744 1785 μετριάζειν
755 1759 761 1764 ·
773 1747 831 1775 ἀλλ’

58 1795 84 1822 ἐν
95 1795 127 1831 τῇ
143 1792 279 1832 συγκρίσει
293 1795 341 1827 τ-’ῆς
354 1792 447 1825 ἔξωθεν
465 1792 557 1831 σοφίας
579 1792 678 1831 σφόδρα
699 1792 832 1821 ἀποτείνε-

57 1838 179 1875 ται,ἔνοα
202 1838 440 1877 καταφορικωτέρῳ
452 1838 566 1872 ἠδύνατο
582 1837 732 1877 χρήσασθαι
751 1838 830 1878 λόγῳ.

58 1885 99 1913 Οὔ
113 1883 198 1912 τοίνυν
207 1883 402 1921 ἐναντιούμενος
413 1886 450 1923 τῷ
464 1884 596 1921 πέμποντι
612 1883 759 1917 ἐόἄπτιζεν·
773 1885 830 1912 ἀλλ’

57 1929 148 1968 ὥσπερ
161 1929 205 1958 ἐπὶ
217 1932 268 1958 τῶν
280 1931 380 1968 ιχηρῶν,
392 1929 519 1958 εἰπόντων
529 1931 580 1958 τῶν
596 1930 759 1966 ἀποστόλων,
773 1931 832 1959 Οὐκ

60 1974 130 2004 ἔστιν
142 1975 250 2013 ἀρεστὸν
263 1974 456 2008 καταλιπόντας
470 1978 541 2013 ἡμᾶς
557 1976 600 2003 τὸν
614 1976 690 2014 λόγον
701 1980 746 2005 τοῦ
763 1977 833 2005 Θεοῦ

57 2022 186 2050 διακονεῖν
199 2020 356 2060 τραπέζαις,
377 2021 569 2058 διηκονήσατο,
595 2023 642 2050 οὐκ
663 2021 832 2060 ἐναντιούμε-

55 2079 97 2100 νος
108 2067 227 2103 ἐκείνοις,
243 2068 300 2096 ἀλλ’
317 2068 347 2096 ἐκ
360 2067 512 2106 περιουσίας
526 2070 623 2097 ποιῶν·
641 2067 709 2097 οὕτω
725 2069 771 2097 καὶ
792 2070 832 2097 ἐν·

54 2115 148 2142 ταῦθα.
172 2113 251 2142 Ἐπεὶ
277 2113 321 2142 καὶ
343 2116 386 2142 νῦν
411 2117 465 2146 τοῖς
490 2113 536 2152 μὲν
571 2114 752 2154 ἀφελεστέροις
779 2117 831 2144 τῶν

808 173 825 194 Α
832 172 852 193 D

846 699 864 721 D

56 2158 251 2198 apso-euripum
262 2162 338 2188 τοῦτο
363 2160 553 2199 ἐγχειρίζομεν,
574 2161 618 2189 τὸν
637 2160 664 2188 δὲ
679 2162 830 2190 διδασκαλι-
848 2172 865 2195 13

57 2204 102 2233 κὸν
113 2204 188 2243 λόγον
202 2209 255 2237 τοῖς
268 2205 434 2244 σοφωτέροις·
450 2207 504 2234 ἐκεῖ
514 2206 566 2245 γάρ
585 2208 654 2235 ἔστιν
670 2209 683 2235 ὁ
698 2207 774 2241 πόνος
786 2209 831 2236 καὶ

57 2253 71 2280 ὁ
80 2250 166 2290 ἱδρώς.
185 2250 233 2278 Διὸ
246 2250 291 2279 καὶ
313 2250 389 2283 αὐτός
412 2263 489 2290 φησιν
498 2263 504 2269 ·
520 2253 555 2280 Οἱ
569 2254 657 2285 καλῶς
668 2257 831 2292 προεστῶτες

57 2295 230 2336 πρεσὸύτεροι
255 2296 350 2331 διπλῆς
370 2299 449 2334 τιμῆς
471 2297 662 2335 ἀξιούσθωσαν,
679 2299 796 2336 μάλιστα
811 2303 833 2329 οἱ

58 2354 200 2375 κοπιωντες
213 2344 238 2371 ε’ν
253 2342 323 2382 λόγῳ
340 2355 384 2372 και
411 2343 578 2382 οιοασκαλία.
601 2343 706 2384 σΩσπερ
731 2347 782 2386 γὰρ
804 2359 834 2376 το

57 2389 105 2426 μὲν
117 2388 218 2422 διδάξαι
229 2400 286 2421 τους
296 2390 424 2418 παλαίοντ
428 2401 469 2423 ας,
481 2389 572 2427 ἀνδρος
587 2391 643 2418 ε’στι
655 2391 773 2428 γενναίου
789 2404 833 2421 και

58 2433 228 2473 παιοοτρίῧου
243 2445 338 2472 σοφου,
350 2435 380 2463 τὸ
401 2434 427 2463 οε
450 2436 576 2464 επιΟεῖναι
599 2435 642 2464 τὸν
657 2436 783 2476 στέφανον
794 2450 833 2466 τω

58 2483 196 2518 νικήσαντι
207 2483 251 2512 καὶ
268 2486 314 2512 τοῦ
329 2482 366 2521 μὴ
380 2484 522 2522 δυναμένου
533 2486 653 2515 παλαίειν
666 2487 732 2525 ἐστὶ,
747 2489 833 2519 καίτοι

93 2573 106 2590 b
124 2570 166 2605 [B.
183 2574 288 2602 22132'vnz,
300 2571 369 2605 qnod
382 2574 447 2605 conj.
462 2573 550 2606 saut]

879 171 954 194 COR.
985 170 1102 193 nonu„
1132 171 1182 193 1¹1.
1586 173 1624 195 21

881 231 1014 262 vocandos
1034 233 1101 269 sore,
1124 231 1169 260 sed
1191 231 1272 259 ctiam
1284 232 1418 270 baptisma
1435 231 1502 260 mihi
1525 233 1630 261 adscri-

880 285 974 318 pturos
985 278 1074 307 fuisse.
1088 278 1118 307 Si
1131 278 1203 306 enim
1216 289 1230 306 a
1245 278 1363 307 minimis
1376 285 1480 307 tantum
1491 286 1581 308 ortum
1591 286 1631 308 est

881 325 994 361 malum,
1011 325 1080 353 sorte
1102 324 1180 363 longe
1199 324 1310 363 gravius
1331 335 1347 352 a
1366 325 1514 363 majoribus
1531 335 1630 364 prove-

880 371 972 400 nisset.
999 371 1068 399 Cum
1091 371 1175 409 igitur
1198 381 1241 398 eos
1265 371 1311 408 qui
1335 371 1453 409 corrupti
1477 378 1552 399 erant
1578 371 1629 400 hoc

881 416 962 445 modo
987 417 1158 456 increpasset,
1182 426 1213 444 ae
1241 415 1365 450 dixisset,
1398 417 1444 444 16.
1473 418 1631 455 Baptizavi

883 469 980 491 autem.
1001 469 1028 491 et
1051 463 1206 501 Steplmnoe
1233 463 1349 490 {Ionium
1361 474 1371 495 ,-
1394 461 1505 490 illorum
1530 463 1631 490 fastum

882 518 975 536 rursus
985 508 1121 547 deprimit,
1134 508 1236 542 dicens,
1253 509 1397 536 Coetermn
1411 510 1506 536 nescio
1521 518 1563 536 nn
1575 509 1631 536 ali-

882 563 968 593 quem
982 554 1075 582 alium
1096 556 1316 592 baptizaverim.
1341 553 1411 582 Hinc
1428 552 1498 581 enim
1514 552 1630 581 ostendit

883 609 936 628 non
950 609 1019 628 curae
1033 599 1074 628 illi
1089 600 1169 628 fuisse
1183 599 1234 628 hoc
1249 600 1302 628 frui
1317 599 1391 639 apud
1403 599 1504 637 vulgus
1518 599 1629 636 honore,

882 655 930 674 nec
944 645 1036 684 gloriae
1051 655 1129 674 causa
1143 645 1178 674 ad
1192 645 1244 674 hoc
1256 646 1367 674 venisse.
1382 646 1442 674 >Non
1456 644 1500 673 his
1515 651 1630 680 tantum,

882 690 928 719 sed
939 691 1020 719 etiam
1032 691 1059 719 in
1073 691 1244 729 sequentibus
1258 690 1368 719 illorum
1378 691 1477 719 fastum
1489 690 1630 729 deprimit,

881 736 1044 766 dicens:17.
1060 738 1128 765 ,Non
1140 739 1219 765 enirn
1234 739 1311 766 misit
1328 747 1373 765 me
1389 737 1522 765 Christus
1539 738 1633 775 bapti-

882 793 958 818 zare,
977 783 1028 810 sed
1041 783 1253 821 evangelizare.
1268 783 1337 811 Nam
1353 783 1405 811 hoe
1423 789 1448 811 ct
1467 782 1632 811 laboriosius

881 835 949 862 emt,
963 827 1061 856 sudore
1073 828 1158 856 multo
1171 838 1238 867 opus
1253 828 1367 856 hahebat
1378 829 1514 866 ferreoque
1527 828 1630 863 animo,

880 876 1023 911 omniaque
1037 875 1188 902 continebat
1202 886 1207 901 :
1222 874 1334 912 ideoque
1353 875 1440 903 Paulo
1456 874 1630 903 commissum

879 919 938 946 fuit.
957 919 992 947 Et
1006 930 1055 947 cur
1075 920 1109 947 ad
1125 920 1318 958 baptizandum
1341 930 1393 948 non
1409 920 1515 956 missus,
1539 920 1629 959 bapti·

879 964 975 993 zabat?
996 966 1056 993 Non
1069 975 1192 1003 pugnans
1204 965 1332 994 adversus
1342 976 1403 994 eum
1415 966 1463 1003 qui
1474 976 1501 993 se
1512 966 1630 1001 miserat,

880 1010 926 1039 sed
942 1021 975 1039 ex
987 1010 1136 1039 abundanti
1158 1011 1209 1039 hoc
1222 1012 1345 1040 faciebat.
1370 1012 1430 1040 Non
1452 1012 1523 1039 enim
1537 1011 1629 1048 dixit,

880 1057 1047 1096 prohibitum
1070 1057 1138 1086 mihi
1152 1058 1214 1093 fuit,
1237 1057 1292 1094 sed,
1317 1059 1377 1086 Non
1403 1068 1463 1085 sum
1478 1057 1575 1085 missus
1596 1057 1632 1086 ad

878 1103 940 1140 hoc,
957 1103 1002 1132 sed
1015 1103 1051 1132 ad
1062 1114 1119 1132 rem
1134 1103 1253 1131 maxime
1264 1103 1449 1131 necessariam.
1466 1104 1536 1131 Nam
1550 1113 1633 1131 evan-

879 1151 993 1189 gelizare
1006 1151 1087 1179 unius
1106 1157 1151 1179 aut
1167 1150 1288 1178 duorum
1302 1156 1374 1187 erat;
1392 1150 1529 1189 baptizare
1543 1156 1633 1178 autem

880 1198 1023 1237 cujuslibet
1041 1204 1089 1233 est,
1105 1198 1150 1235 qui
1163 1196 1294 1236 praeditus
1306 1197 1341 1225 sit
1357 1196 1517 1225 sacerdotio.
1542 1195 1635 1224 Homi-

879 1255 940 1273 nem
954 1255 1070 1282 namque
1084 1245 1308 1272 catechumenum
1323 1250 1347 1272 et
1370 1253 1528 1282 persuasum
1543 1243 1635 1282 bapti-

880 1301 940 1318 zare
971 1290 1116 1329 cujuslibet
1149 1297 1188 1318 est
1203 1302 1209 1317 :
1230 1290 1356 1319 voluntas
1382 1289 1454 1318 enim
1484 1289 1634 1317 accedentis

881 1336 1009 1376 deinceps
1023 1344 1111 1365 totum
1128 1336 1221 1373 efficit,
1241 1346 1304 1365 cum
1319 1336 1369 1364 Dei
1384 1335 1480 1374 gratia.
1502 1336 1571 1364 Cum
1587 1346 1636 1363 au-

883 1389 938 1412 tem
961 1382 1084 1411 infideles
1105 1389 1167 1412 sunt
1191 1382 1227 1410 ad
1248 1381 1331 1411 fidem
1354 1380 1522 1416 instituendi,
1549 1381 1636 1410 multo

882 1439 951 1469 opus
977 1436 1016 1458 est
1039 1429 1143 1466 labore,
1170 1428 1255 1457 multa
1281 1428 1411 1468 sapientia
1432 1439 1437 1455 :
1456 1434 1521 1456 tunc
1545 1434 1636 1456 autem

882 1475 963 1504 etiam
981 1474 1153 1503 subeundum
1174 1481 1229 1502 erat
1243 1474 1406 1513 periculum.
1426 1474 1457 1501 In
1472 1472 1635 1512 baptizando

883 1521 955 1550 enim
971 1528 1058 1550 totum
1071 1521 1172 1549 sactum
1184 1527 1233 1555 est,
1253 1527 1278 1548 et
1293 1531 1436 1560 persuasus
1449 1526 1488 1548 est
1508 1520 1530 1547 is
1542 1519 1590 1558 qui
1605 1519 1634 1548 in

884 1567 1045 1607 mysterium
1068 1573 1107 1595 est
1132 1566 1334 1602 admittendus3
1357 1566 1479 1604 nihilque
1504 1575 1635 1603 magnum

883 1620 922 1641 est
937 1623 1094 1651 persuasum
1107 1611 1243 1650 baptizare
1257 1623 1263 1638 ε
1277 1612 1322 1639 hic
1336 1621 1398 1640 vero
1417 1611 1519 1639 multus
1535 1611 1613 1639 labor
1623 1633 1632 1647 ,

883 1665 913 1686 ut
927 1658 1052 1687 voluntas
1066 1663 1092 1685 et
1105 1657 1275 1696 propositum
1290 1663 1419 1693 mutetur,
1438 1667 1512 1684 error
1527 1656 1634 1685 convel-

883 1705 964 1739 latur,
991 1710 1016 1732 ct
1032 1703 1131 1732 veritas
1153 1703 1295 1731 inseratur.
1315 1704 1421 1732 Verum
1441 1703 1499 1730 haec
1513 1702 1558 1730 ille
1577 1712 1631 1731 non

883 1750 920 1779 ita
934 1749 1009 1785 dicit,
1027 1759 1112 1787 neque
1127 1748 1285 1787 probatione
1298 1749 1394 1783 utitur,
1413 1758 1461 1776 nec
1477 1748 1555 1784 dicit,
1571 1748 1633 1776 nul—

882 1797 940 1826 lum
951 1807 1006 1825 esse
1014 1796 1134 1825 laborem
1140 1795 1286 1835 baptizare,
1299 1794 1345 1823 sed
1353 1795 1536 1833 evangelizare
1546 1805 1634 1823 secus:

883 1844 932 1873 scit
947 1844 1018 1872 enim
1036 1853 1141 1882 semper
1160 1842 1273 1871 modum
1292 1841 1460 1871 tenere:scd
1477 1842 1504 1871 in
1524 1853 1633 1881 compa-

883 1890 986 1919 ratione
1006 1900 1068 1918 cum
1091 1896 1199 1917 externa
1224 1888 1353 1928 sapientia
1375 1888 1454 1916 valde
1474 1888 1631 1924 contendit,

885 1935 933 1964 ubi
954 1934 1153 1964 vehementiore
1172 1933 1210 1962 uti
1227 1933 1316 1973 potuit
1333 1933 1461 1962 oratione.
1488 1935 1548 1962 Non
1570 1945 1634 1973 ergo

885 1989 976 2010 contra
984 1982 1091 2020 jussum
1104 1980 1236 2009 mittentis
1247 1980 1419 2019 baptizabat3
1434 1979 1482 2008 sed
1493 1980 1562 2009 sicut
1575 1990 1637 2008 cum

885 2027 920 2056 de
933 2027 1024 2056 viduis
1037 2026 1169 2054 dixissent
1191 2025 1315 2065 apostoli,
1336 2026 1404 2054 Non
1420 2026 1536 2064 expedit
1552 2027 1636 2054 nobis
1647 2034 1700 2056 Act.
1713 2034 1734 2057 6.
1748 2041 1772 2055 2.

884 2076 987 2104 relicto
1001 2075 1092 2102 verbo
1108 2074 1165 2102 Dei
1180 2075 1349 2102 ministrare
1363 2075 1480 2107 mensis,
1499 2073 1544 2101 ille
1557 2073 1637 2102 mini-

886 2122 981 2151 stravit
1002 2132 1054 2150 non
1076 2121 1130 2150 illis
1157 2131 1318 2160 repugnans,
1346 2120 1390 2149 sed
1415 2131 1449 2149 ex
1471 2120 1637 2149 abundantia

885 2168 1000 2198 fervoris
1022 2167 1052 2196 id
1068 2167 1130 2196 fecit
1145 2167 1200 2196 :ita
1220 2174 1245 2196 et
1267 2167 1312 2196 hic
1335 2178 1450 2206 quoque.
1471 2168 1550 2195 Nunc
1565 2167 1636 2195 enim

885 2214 1098 2254 simplicioribus
1118 2213 1284 2253 presbyteris
1307 2213 1358 2242 hoe
1377 2213 1586 2248 committimus,
1610 2219 1636 2240 ct

886 2260 1014 2289 doctrinae
1029 2259 1145 2288 verbum
1159 2258 1369 2298 sapientioribus
1384 2270 1390 2286 ε
1405 2258 1463 2287 illic
1477 2258 1547 2286 enim
1560 2257 1636 2285 labor

886 2314 912 2336 et
929 2306 1011 2336 sudor
1033 2313 1084 2335 cst.
1103 2306 1275 2344 Quapropter
1295 2312 1320 2334 et
1343 2305 1400 2345 ipse
1418 2305 1474 2333 ait:
1489 2306 1546 2342 Qui
1561 2310 1638 2333 recte

885 2359 1016 2392 praesunt
1026 2353 1201 2391 presbyteri,
1214 2351 1325 2390 duplici
1337 2352 1446 2379 honore
1456 2351 1615 2388 dignentur
1624 2362 1635 2383 ,-

887 2401 1016 2428 maxime
1040 2404 1138 2426 aulem
1160 2399 1211 2436 qui
1228 2397 1365 2425 laborant
1383 2398 1414 2423 in
1433 2396 1522 2423 verbo
1543 2401 1570 2424 et
1583 2396 1636 2423 do-

887 2447 993 2474 ctrina.
1010 2442 1249 2480 Quemadmodum
1265 2442 1337 2470 enim
1351 2441 1446 2470 doecre
1462 2450 1515 2478 eos,
1529 2440 1577 2479 qui
1594 2440 1635 2469 lu-

887 2491 962 2521 dicra
972 2490 1116 2521 certamina
1124 2488 1233 2526 adeunt,
1245 2487 1296 2517 viri
1306 2487 1408 2516 strenui
1417 2493 1456 2516 est
1467 2493 1491 2516 ct
1506 2487 1634 2527 sapientis

1650 2321 1669 2337 1.
1685 2315 1746 2338 Tim.
1763 2315 1787 2338 5.

1651 2354 1686 2377 ι7.
