1906 2866
253 135 320 181 730
595 147 623 169 s.
650 147 788 170 sommis
815 147 994 170 cumsosr.

253 209 343 237 licitur
353 231 362 246 ‚
380 215 408 237 ut
420 209 549 239 adversus
562 211 652 250 ipsum
669 211 771 240 bellum
785 211 857 240 ineas
867 221 898 239 ae
911 210 992 239 dimi-

253 265 295 283 ces
310 277 318 292 ,
333 254 399 283 dum
414 265 442 283 ea
462 266 520 293 quae
539 256 656 296 plantata
678 263 740 285 sunt
760 256 900 295 exstirpas.
920 255 992 293 Ergo
1010 263 1027 284 Ε

253 300 398 339 aliquando
410 308 497 330 tamen
512 302 700 342 resipiscamus
711 325 720 341 ,
736 310 816 340 atquc
827 301 992 340 expergisca-

253 356 322 375 mur.
333 348 392 375 Non
405 353 459 375 tam
470 353 609 376 externum
619 348 732 385 bellum,
748 358 828 385 quam
841 347 992 375 intestinam

254 401 373 431 pugnam
387 392 539 422 extimesco.
555 393 782 431 Quandoquidem
796 393 874 421 etiam
889 391 969 419 radix
980 413 989 425 ,

254 449 315 466 eum
327 445 402 466 terrae
411 445 481 467 recte
495 439 578 468 affixa
590 439 669 467 suerit
678 461 685 475 ‚
698 439 764 467 nihil
776 449 791 466 a
802 437 888 467 ventis
904 437 991 465 detri-

254 484 335 513 menti
347 484 480 523 patietur:
498 485 537 513 siu
551 492 638 513 autem
655 495 683 512 ea
698 507 704 519 ,
721 494 810 513 verme
822 493 880 511 eam
892 482 993 511 interne

254 529 421 569 depascente,
438 531 557 567 vacillet,
574 530 678 558 nemine
689 529 839 557 molestiam
851 528 994 556 exhibente

253 575 408 604 collabetur.
435 577 581 613 Quousque
602 575 708 603 tandem
731 573 855 602 Ecclesiae
876 573 993 602 radicem
1002 599 1036 617 632

252 621 384 649 vermium
400 631 475 650 more
488 620 648 648 exedimus?
662 621 730 648 Nam
745 626 771 648 et
783 630 797 647 a
810 626 879 648 terra
895 619 995 658 hujus·
1013 627 1031 648 Α

253 666 327 694 modi
345 666 516 705 cogitationes
527 672 690 703 uascuntur3
707 665 761 693 imo
778 676 810 694 ne
823 676 838 693 a
850 672 919 693 terra
932 665 996 703 qui—

251 711 313 740 dem
322 734 330 748 ,
343 711 388 739 scd
400 722 414 739 a
427 718 555 749 stercore,
570 718 661 750 utpote
670 722 784 750 quarum
794 722 889 751 parens
902 718 995 750 putre—

251 759 285 787 do
300 759 350 787 sit:
372 769 458 796 neque
476 759 557 787 etiam
576 759 610 787 ab
631 759 795 788 exsecrando
813 770 844 787 eo
856 759 992 797 obsequio,

250 803 347 841 quoda
365 804 524 832 mulieribus
538 804 698 841 exhibetur,
711 805 852 834 absistunt.
869 805 992 834 Tandem

252 850 333 887 igitur
346 849 491 887 aliquando
507 851 585 879 sortes
600 851 672 880 viros
685 862 731 879 nos
744 852 922 890 praebeamus
935 851 996 891 phi-

251 897 377 936 losophiae
398 897 502 936 pugiles
523 898 672 927 efficiamur
684 921 692 935 7
708 898 843 937 ingentem
864 899 997 928 malorum

252 950 410 982 proventum
422 943 571 982 abigamus.
584 944 692 973 Etenim
707 945 831 973 Ecclesiae
843 945 998 974 multitudi-

252 999 312 1016 nem
324 1011 331 1023 ,
347 995 482 1026 tamquam
494 989 616 1018 exanime
627 1000 734 1029 corpus,
748 990 825 1018 humi
836 997 998 1030 prostratum

253 1045 323 1063 nune
335 1045 421 1064 cerno.
433 1035 468 1063 Et
479 1035 549 1063 sicut
561 1036 588 1064 in
600 1046 712 1074 corpore
721 1047 811 1065 reeens
826 1037 881 1066 vita
893 1037 995 1071 functo,

253 1080 343 1108 oeulos
356 1080 463 1118 quidem
475 1087 500 1109 et
512 1091 606 1109 manus
621 1088 647 1109 et
658 1081 740 1120 pedes
755 1088 781 1110 et
799 1082 897 1110 collum
909 1089 934 1111 et
951 1093 996 1110 ca-

254 1133 302 1164 put
317 1126 415 1154 intueri
432 1126 509 1161 licet,
522 1127 559 1156 sic
574 1133 661 1155 tamen
675 1134 704 1156 ut
722 1128 827 1156 nullum
847 1128 998 1156 membrum
1016 1133 1032 1155 B

254 1181 363 1199 munere
386 1182 433 1199 suo
453 1172 598 1209 fungatur:
621 1172 714 1201 eodem
733 1172 811 1201 modo
830 1173 875 1201 hic
892 1183 999 1210 quoque

254 1228 344 1247 omues
356 1240 363 1255 ,
379 1218 425 1256 qui
441 1218 557 1256 adsunt,
577 1219 630 1247 fide
641 1219 751 1257 quidem
764 1220 871 1258 praediti
885 1227 960 1257 sunt,
973 1227 999 1248 at

254 1266 322 1294 fides
331 1272 439 1294 actuosa
449 1276 501 1294 non
513 1273 566 1294 est:
579 1267 710 1295 fervorem
723 1267 793 1295 enim
809 1267 997 1303 exstinximus,

255 1312 409 1350 Christique
425 1322 521 1350 corpus
536 1319 671 1340 mortuum
688 1312 863 1341 reddidimus.
880 1313 960 1348 Quod
975 1313 997 1341 si

254 1359 305 1387 hoc
316 1359 390 1387 dictu
402 1359 566 1388 horrendum
579 1367 628 1397 est,
642 1361 727 1389 multo
736 1361 829 1399 utique
839 1361 998 1389 horribilius

253 1411 312 1437 est,
325 1415 387 1432 (tum
404 1404 430 1432 in
446 1404 526 1432 rebus
543 1405 608 1443 ipsis
628 1406 755 1434 cernitur.
777 1406 917 1444 Siquidem
939 1407 995 1434 fra-

254 1457 325 1478 trum
338 1451 445 1478 nomina
456 1449 601 1486 babemus,
614 1461 655 1479 res
666 1458 756 1479 autem
767 1452 901 1489 hostium3
915 1463 994 1480 cum-

254 1506 305 1533 que
320 1495 439 1523 membra
451 1505 541 1523 omnes
554 1506 694 1533 vocemur,
706 1497 823 1525 ferarum
840 1504 927 1525 tamen
944 1497 997 1525 ritu

256 1541 325 1568 iuter
343 1550 390 1568 nos
402 1539 570 1568 dissidemus.
584 1540 648 1569 Haec
667 1551 720 1569 non
740 1551 831 1569 rerum
845 1548 997 1570 nostrarum

255 1585 482 1614 traducendarum
504 1586 594 1614 studio
617 1597 633 1614 a
650 1597 692 1615 me
715 1587 786 1615 dicta
801 1595 878 1624 sunt,
901 1588 948 1616 sed
969 1595 999 1616 ut
1015 1593 1032 1615 C

256 1630 387 1669 pudorem
401 1631 480 1660 vobis
492 1631 619 1660 incutiam
630 1655 636 1668 ‚
648 1639 727 1670 atque
736 1632 799 1662 hinc
811 1644 857 1662 vos
868 1640 998 1663 avertam.

256 1676 375 1711 Quidam
393 1677 420 1705 in
436 1676 548 1705 domum
565 1677 685 1715 aliquam
703 1688 729 1706 se
748 1678 876 1714 contulit,
891 1678 999 1707 honori-

255 1723 359 1760 ficeque
372 1729 498 1761 exceptus
517 1730 565 1751 est.
588 1724 644 1752 Deo
666 1724 757 1762 gratiae
775 1724 884 1763 agenda:
905 1732 997 1761 eraut,

257 1768 318 1805 quia
340 1768 491 1796 membrum
514 1775 590 1796 tuum
614 1769 714 1797 bonore
735 1770 869 1804 afficitur,
882 1781 912 1799 ac
928 1771 999 1799 Deus

257 1812 428 1849 celebratur;
449 1817 479 1840 tu
499 1820 590 1841 contra
607 1814 716 1842 omnino
739 1814 814 1843 facis.
839 1814 917 1853 Apud
938 1826 998 1843 eum

257 1857 338 1892 enim,
357 1869 372 1885 a
388 1868 441 1895 quo
460 1858 560 1886 bonore
582 1859 693 1887 affectus
712 1866 761 1894 est,
778 1860 829 1898 ipsi
850 1860 996 1888 obtrectas:

258 1902 294 1930 ita
318 1909 348 1930 ut
372 1902 464 1930 ambos
490 1903 570 1930 simul
602 1903 743 1932 subvertas
754 1926 762 1939 ‚
790 1904 891 1942 tibique
918 1905 998 1943 iguo-

258 1947 348 1976 miniae
371 1954 460 1976 notam
483 1948 583 1976 inuras.
604 1949 678 1983 Quid
706 1960 791 1978 causae
818 1957 866 1985 est,
881 1961 896 1978 o
920 1952 1000 1980 miser

259 1999 284 2021 et
307 2003 465 2027 aerumnose,
480 2003 538 2029 cur,
555 2004 615 2021 cum
638 1995 747 2022 fratrem
762 1995 803 2023 vel
819 1996 891 2034 apud
913 1997 998 2033 viros,

260 2038 303 2066 vel
317 2038 389 2077 apud
403 2038 528 2067 mulieres
542 2039 682 2068 laudatum
697 2040 829 2077 audieris,
845 2042 999 2070 moestitiam

260 2084 322 2112 inde
333 2085 493 2113 contrahas?
508 2085 613 2113 Laudes
626 2086 682 2125 ipse
699 2086 797 2123 addas,
814 2095 843 2116 ut
858 2088 907 2116 tibi
931 2100 999 2126 quo—
1015 2096 1033 2117 D

260 2130 428 2168 quelaudem
440 2131 571 2159 concilies.
583 2132 662 2167 Quod
677 2132 698 2160 si
709 2133 806 2161 'laudes
820 2133 995 2173 depresseris,

260 2176 337 2215 prius
349 2176 383 2205 de
396 2176 480 2215 teipso
492 2177 561 2205 male
572 2177 699 2215 loquutus
711 2179 775 2215 eris,
788 2186 817 2207 ut
829 2181 874 2218 qui
886 2191 998 2219 pravam

261 2218 415 2260 opinionem
429 2222 479 2250 tibi
490 2222 637 2261 collegeris,
652 2230 730 2262 atque
743 2225 851 2264 iusuper
865 2226 943 2255 illum
954 2227 998 2255 al-

261 2267 313 2295 tius
332 2267 422 2296 adhuc
445 2268 574 2298 evexeris.
591 2269 660 2297 Cum
683 2280 743 2297 eum
758 2270 792 2298 ab
814 2271 867 2299 alio
892 2272 997 2301 laudari

260 2312 348 2350 audis,
363 2313 403 2341 sac
416 2324 519 2351 eorum,
535 2324 594 2352 quae
607 2313 749 2351 dicuntur,
761 2315 797 2343 sis
814 2317 957 2356 particeps,
975 2319 997 2347 si

261 2368 313 2386 non
328 2359 384 2388 vita
406 2366 431 2387 et
444 2359 555 2397 virtute,
571 2370 601 2388 ac
622 2360 674 2388 hoc
695 2367 764 2389 certe
786 2362 908 2400 nominc,
923 2364 995 2401 quod

294 2465 303 2476 ²
321 2457 427 2483 Savilius
445 2459 574 2492 legendum
594 2466 668 2492 putat
687 2464 847 2494 ἐκπομπεῡααι.
860 2464 921 2494 Quae
939 2465 1013 2489 lectio

261 2497 338 2528 magis
355 2497 478 2529 quadrare
496 2497 604 2523 videtur.
620 2498 686 2531 [ἐκπ.
705 2509 751 2532 pro
770 2505 825 2534 ἐμπ.
840 2501 964 2528 edidimus
985 2513 1013 2528 ex

1026 148 1043 169 A
1051 148 1166 170 uenti-:P
1173 164 1179 170 .

1209 148 1270 170 (30³
1277 149 1314 170 ST
1325 150 1335 170 t
1342 149 1394 171 Nl‘l
1401 148 1462 170 ᾸΟΡ
1470 163 1476 170 .

1046 213 1081 243 ὡς
1095 211 1142 245 τὴν
1159 212 1231 239 ἔνδον
1251 211 1354 249 μάχην
1370 210 1427 239 ἐπεὶ
1447 211 1490 239 καὶ
1513 211 1570 249 ῥίζα
1582 233 1589 246 ,
1611 211 1672 240 ὅταν
1697 208 1713 250 ἧ
1728 214 1815 244 καλῶς

1046 257 1200 295 ἡρμοσμένη
1215 259 1248 295 τῇ
1265 259 1299 295 γῇ
1312 279 1319 292 ,
1335 256 1408 285 οὐδὲν
1423 256 1543 285 πείσεται
1559 256 1610 285 ἀπὸ
1624 259 1675 286 τῶν
1695 257 1797 296 ἀνέμων
1808 271 1814 276 ·

1046 303 1076 330 ἂν
1093 302 1120 331 δὲ
1131 301 1196 337 αὐτὴ
1212 302 1369 338 σαλεύηται,
1382 301 1518 337 σκώληκος
1532 301 1719 340 διατρ(ι’)γοντος
1733 303 1815 338 αὐτὴν

1046 348 1154 383 ἔνδοθεν,
1180 348 1224 376 καὶ
1248 348 1356 386 μηδενὸς
1379 350 1545 387 ἐνοχλοῦντος
1570 352 1700 377 πεσεῖται.
1726 348 1817 387 Μέχρι

1045 393 1112 427 τίνος
1125 393 1302 432 διατρώγομεν
1315 395 1362 428 τῆς
1377 393 1538 429 Ἰἰκκλησίας
1552 393 1600 428 τὴν
1623 393 1695 432 ῥίζαν
1712 394 1816 428 σκωλή-

1046 451 1098 468 κων
1117 439 1207 474 δίκην;
1221 439 1273 467 Καὶ
1287 439 1338 478 γὰρ
1360 439 1411 468 ἀπὸ
1429 442 1478 478 γῆς
1499 441 1526 467 αἱ
1549 443 1667 468 τοιαῦται
1682 438 1816 468 τίκτονται

1047 485 1158 514 διάνοιαι
1168 497 1173 502 ·
1189 486 1288 523 μᾶλλον
1304 485 1330 514 δὲ
1348 485 1405 514 οὐδὲ
1421 485 1473 514 ἀπὸ
1487 487 1535 523 γῆς
1550 486 1608 514 ἀλλ’
1632 484 1684 513 ἀπὸ
1699 484 1797 524 κόπρου
1807 507 1814 519 ,

1046 530 1092 566 τὴν
1101 530 1233 566 σηπεδόνα
1245 530 1345 570 μητέρα
1355 530 1462 569 ἔχουσαι
1472 542 1477 548 ·
1486 531 1530 559 καὶ
1544 532 1591 559 οὐκ
1602 530 1758 569 ἀφίστανται
1769 531 1817 564 τ’ἦς

1049 575 1234 604 καταπτύστου
1251 575 1389 614 θεραπείας
1407 578 1454 610 τῆς
1470 575 1543 614 παρὰ
1555 577 1605 604 τῶν
1617 576 1756 613 γυναικῶν.
1769 575 1816 603 Γε-

1049 621 1154 660 νώμεθά
1170 634 1234 650 ποτε
1249 622 1339 661 ἄνδρες
1353 625 1481 660 γενναῖοι,
1495 621 1630 659 γενώμεθα
1650 620 1760 656 ἀθληταὶ
1776 632 1816 659 φι-

1048 667 1187 706 λοσοφίας,
1203 667 1376 705 ἀπελάσωμεν
1399 667 1446 702 τὴν
1461 666 1561 701 πολλὴν
1581 669 1633 694 τῶν
1648 667 1737 695 κακῶν
1756 665 1817 694 τού-

1048 725 1100 742 των
1115 713 1205 752 φοράν.
1219 713 1272 742 Καὶ
1295 713 1346 751 γὰρ
1360 713 1450 753 ὥσπερ
1472 715 1549 751 σῶμα
1570 711 1669 751 νεκρὸν,
1685 714 1732 745 τῆς
1743 711 1816 741 ι’Έκ-

1050 760 1159 795 κλησίας
1174 761 1226 799 ὁρῶ
1242 759 1271 788 τὸ
1286 760 1383 794 πλῆθος
1393 758 1549 799 ἐρριμμένον
1564 762 1617 788 ν’ῦν.
1630 758 1683 788 Καὶ
1697 757 1816 798 καθάπερ

1050 808 1074 835 ἐν
1091 805 1195 843 σώματι
1207 805 1363 845 νεκρωθέντι
1376 805 1547 845 προσφάτως,
1561 805 1598 834 ἔνι
1610 803 1656 843 μὲν
1669 803 1816 843 ὀφθαλμοὺς

1050 853 1121 887 ἰδεῖν,
1134 852 1170 880 ἔνι
1190 852 1216 880 δὲ
1231 856 1321 890 χεῖρας
1338 851 1382 879 καὶ
1403 851 1485 883 πόδας
1499 851 1544 879 καὶ
1566 850 1699 889 τράχηλον
1715 849 1759 878 καὶ
1772 861 1815 878 κε-

1050 897 1144 937 φαλὴν,
1156 897 1228 926 οὐδὲν
1244 898 1270 926 δὲ
1285 900 1337 926 τῶν
1354 899 1439 935 μελῶν
1460 897 1494 926 τὰ
1513 899 1606 925 ἑαυτοῦ
1628 900 1733 925 ποιοῦν·
1749 897 1818 924 οὕτω

1052 943 1083 978 δὴ
1099 943 1143 972 καὶ
1158 944 1267 971 ἐνταῦθα
1284 943 1379 975 πάντες
1391 942 1479 971 πιστοὶ
1494 944 1517 971 οἱ
1538 941 1665 982 παρόντες
1675 964 1682 977 ,
1700 942 1759 970 ἀλλ’
1771 943 1818 969 οὐκ

1052 989 1122 1017 ἔστιν
1136 991 1152 1023 ἡ
1170 988 1256 1020 πίστις
1273 988 1391 1027 ἐνεργής·
1406 987 1454 1022 τὴν
1471 987 1523 1026 γὰρ
1540 987 1690 1026 θερμότητα
1705 986 1817 1015 {acteon-

1053 1046 1110 1072 μεν,
1128 1034 1172 1062 καὶ
1187 1037 1232 1062 τοῦ
1247 1035 1361 1073 Χριστοῦ
1375 1033 1404 1062 τὸ
1421 1035 1498 1071 σῶμα
1521 1033 1610 1071 νεκρὸν
1630 1032 1817 1071 εἷργασοίμεθα.

1054 1081 1085 1109 E}
1099 1079 1126 1108 δὲ
1148 1079 1255 1119 φρικτὸν
1271 1085 1300 1107 τὸ
1315 1079 1463 1118 εἰρημένον,
1485 1080 1575 1118 πολλῷ
1599 1077 1816 1118 φρικωδέστερον,

1051 1125 1112 1154 ὅταν
1132 1125 1174 1153 ἐπὶ
1189 1126 1240 1152 τῶν
1256 1124 1337 1163 ἔργων
1354 1124 1488 1162 φαίνηται.
1504 1123 1547 1152 Τὰ
1571 1123 1617 1161 μὲν
1637 1123 1687 1161 γὰρ
1702 1122 1818 1160 ὀνόματα

1052 1172 1169 1209 ἀδελφῶν
1195 1169 1300 1209 ἔχομεν,
1325 1169 1357 1198 τὰ
1383 1169 1409 1197 δὲ
1433 1169 1577 1208 πράγματα
1601 1168 1734 1206 πολεμίων
1745 1179 1750 1185 ·
1774 1167 1818 1196 καὶ

1052 1217 1118 1254 μέλη
1132 1216 1286 1253 καλούμενοι
1296 1215 1405 1250 πάντες,
1417 1214 1535 1252 καθάπερ
1545 1214 1622 1254 θηρία
1634 1213 1818 1251 διεστήκαμεν.

1051 1264 1157 1297 Ταῦτα,
1172 1263 1218 1290 οὐκ
1234 1265 1244 1276 ³*
1255 1263 1437 1298 ἐκπομπεῧσαι
1463 1259 1617 1298 βουλόμενος
1640 1259 1673 1287 τὰ
1686 1259 1818 1297 ἡμέτερα,

1051 1303 1132 1342 εἶπον,
1149 1306 1207 1334 ἀλλΊ
1222 1306 1343 1345 ἐντρέψαι
1358 1306 1402 1333 καὶ
1417 1307 1575 1339 ἀποστῆσαι.
1593 1305 1626 1333 Ὁ
1641 1305 1710 1333 δεῖνα
1727 1305 1819 1338 εἷσῆλ-

1051 1355 1092 1380 θεν
1106 1353 1141 1385 εἷς
1159 1351 1251 1387 οἰκίαν,
1268 1352 1405 1386 ἀπήλαυσε
1422 1353 1500 1388 τιμῆς
1511 1363 1516 1368 ·
1533 1351 1588 1379 δέον
1602 1352 1766 1390 εὐχαριστεῖν
1780 1354 1817 1391 τῷ

1050 1398 1127 1436 Θεῷ,
1142 1397 1180 1426 ὅτι
1194 1397 1224 1425 τὸ
1245 1396 1321 1433 μέλος
1341 1401 1451 1433 τιμᾶται
1465 1396 1495 1424 τὸ
1510 1396 1564 1432 σὸν,
1580 1396 1624 1424 καὶ
1637 1399 1649 1424 ὁ
1663 1396 1730 1428 Θεὸς
1745 1396 1819 1429 δοξά-

1050 1445 1120 1476 ζεται
1129 1464 1136 1477 ,
1150 1442 1181 1471 σὺ
1195 1442 1221 1470 δὲ
1232 1441 1379 1470 τούναντίον
1391 1445 1472 1474 ποιεῖς
1481 1453 1486 1458 ’
1501 1441 1586 1479 λέγεις
1595 1443 1683 1474 κακῶς
1699 1442 1763 1481 πρὸς
1775 1442 1818 1470 τὸν

1050 1488 1211 1526 τετιμηκότα
1226 1509 1233 1521 ,
1261 1487 1329 1516 ὥστε
1360 1487 1522 1527 ἀμφοτέρους
1548 1487 1721 1516 ὑποσκελίσαι
1738 1510 1745 1524 ,
1773 1489 1818 1516 καὶ

1051 1534 1156 1562 σεαυτὸν
1179 1535 1434 1572 προσκαταισχῦναι.
1457 1532 1534 1565 Τίνος
1564 1533 1660 1569 ἕνεκεν,
1681 1534 1752 1562 ἄθλιε
1775 1536 1819 1562 καὶ

1050 1579 1217 1619 ταλαίπ(ι)ρε;
1248 1580 1361 1613 ἤκουσας
1387 1579 1498 1617 ἀδελφοῦ
1528 1579 1772 1617 ἐγκωμιαζομένου,
1802 1580 1818 1615 ἢ

1050 1625 1123 1664 παρὰ
1153 1625 1287 1664 ἀνδράσιν,
1316 1623 1333 1658 ἢ
1364 1624 1437 1663 παρὰ
1462 1623 1579 1662 γυναιξὶ,
1601 1625 1646 1653 καὶ
1672 1625 1818 1662 ἐλυπήθης;

1050 1671 1167 1708 Πρόσθες
1179 1675 1232 1703 τοῖς
1249 1670 1364 1703 ἐπαίνοις
1377 1681 1382 1687 ·
1405 1670 1473 1698 οὕτω
1493 1669 1538 1698 καὶ
1562 1670 1658 1699 σαυτὸν
1681 1671 1817 1711 ἐπαινέσῃ.

1051 1716 1116 1744 Ἐὰν
1131 1715 1157 1744 δὲ
1179 1716 1223 1744 καὶ
1239 1715 1351 1754 καθέλῃς
1373 1716 1416 1744 τὸν
1441 1715 1555 1751 ἔπαινον,
1577 1716 1703 1755 πρότερον
1724 1717 1818 1746 σαυτὸν

1050 1763 1137 1794 κακῶς
1150 1762 1255 1800 εἴρηκας
1265 1784 1271 1794 ,
1285 1761 1400 1800 πονηρὰν
1418 1761 1492 1794 δόξαν
1504 1760 1603 1795 λαὸὼν,
1619 1762 1738 1791 κάκεῖνον
1752 1764 1820 1797 ἔπῆ-

1052 1819 1097 1845 ρας
1126 1807 1257 1844 μειζόνως.
1282 1806 1367 1835 ιὈτοιν
1392 1806 1505 1845 ἀκούσῃς
1528 1807 1724 1844 ἐπαινούμενον,
1747 1807 1819 1846 γίνου

1050 1854 1103 1880 τῶν
1119 1851 1268 1889 λεγομένων
1292 1851 1427 1886 κοινωνὸς,
1441 1853 1463 1879 εἰ
1486 1852 1530 1880 καὶ
1548 1852 1584 1890 μὴ
1602 1854 1640 1890 τῷ
1659 1852 1708 1890 βίῳ
1723 1852 1768 1881 καὶ
1787 1856 1818 1891 τῇ

1051 1899 1141 1936 ἀρετῇ,
1157 1897 1225 1925 ἀλλὰ
1241 1899 1278 1936 τῷ
1290 1897 1391 1936 χαίρειν
1405 1901 1458 1929 τοῖς
1466 1897 1563 1926 ἐκείνου
1573 1898 1818 1937 καλοῖς.Ἔπῇνεο-εν

1465 1942 1533 1971 οὕτω
1548 1943 1593 1972 καὶ
1606 1943 1634 1972 σὲ
1649 1945 1816 1974 ἐπαινέσεται

1050 1990 1161 2024 ἐκεῖνος,
1183 1991 1218 2021 ὡς
1232 1988 1346 2027 χρηστὸν
1365 1989 1410 2017 καὶ
1428 1990 1539 2023 ἐπιεικῆ.
1566 1989 1611 2024 Μὴ
1637 1990 1768 2030 φοὸηθῇς,
1782 1994 1818 2025 ὡς

1050 2034 1083 2063 τὰ
1099 2037 1195 2062 σαυτοῦ
1217 2037 1349 2073 καθαιρῶν
1374 2036 1400 2063 ἓν
1417 2039 1470 2067 τοῖς
1484 2035 1623 2073 ἐγκωμίοις
1642 2041 1695 2069 τοῖς
1714 2037 1817 2077 ἑτέρου·

1050 2083 1127 2109 τοῦτο
1143 2080 1193 2119 γὰρ
1218 2082 1243 2108 ἐν
1268 2085 1324 2112 ταῖς
1346 2079 1515 2118 κατηγορίαις
1539 2079 1648 2118 γίνεται.
1663 2081 1818 2113 Φιλόνεικον

1051 2126 1100 2164 γὰρ
1116 2126 1145 2154 τὸ
1165 2125 1238 2164 γένος
1251 2128 1302 2154 τῶν
1317 2125 1459 2164 ἀνθρώπιον
1473 2137 1478 2142 ·
1492 2126 1536 2154 καὶ
1551 2125 1612 2154 ὅταν
1632 2126 1674 2166 ἴδῃ
1689 2139 1717 2156 σε
1731 2131 1819 2162 κακῶς

1050 1945 1063 1971 ὃ
1080 1944 1164 1974 δεῖνα;
1179 1943 1313 1980 θαύμασον
1331 1943 1375 1971 καὶ
1392 1942 1423 1971 σύ
1441 1954 1446 1959 ·

1051 2172 1173 2210 λέγοντα,
1186 2171 1307 2200 ἐπιτείνει
1323 2171 1356 2200 τὰ
1379 2170 1513 2210 ἐγκώμια,
1532 2171 1614 2211 ταύτῃ
1631 2172 1732 2201 δάκνειν
1754 2176 1816 2212 βου-

1051 2217 1175 2255 λόμενος,
1188 2217 1247 2249 τοὺς
1263 2216 1289 2245 δὲ
1305 2216 1466 2255 κατηγόρους
1481 2216 1628 2255 μέμφεσθαι
1642 2220 1700 2246 καθ’
1715 2220 1817 2257 ἑαυτὸν,

1051 2265 1173 2304 καὶπρὸς
1193 2265 1293 2303 ἑτέρους
1316 2265 1476 2293 διαῧάλλειν.
1491 2260 1566 2297 Εἶδες
1587 2265 1671 2300 πόσης
1692 2268 1817 2306 ἀσχημο-

1051 2315 1129 2349 σύνης
1153 2317 1254 2348 ἑαυτοῖς
1279 2315 1402 2353 γινόμεθα
1426 2314 1518 2350 αἴτιοι;
1539 2317 1594 2347 πῶς
1617 2316 1765 2354 ἀπόλλυμεν
1788 2318 1818 2347 τὸ

1050 2365 1171 2403 ποίμνιον
1185 2364 1230 2393 καὶ
1245 2365 1413 2402 διασπῶμεν;
1428 2363 1569 2402 Γενώμεθα
1584 2364 1651 2403 μέλη
1668 2366 1749 2403 ποτὲ,
1769 2380 1817 2406 γε·

1064 2468 1091 2490 Α.
1105 2466 1160 2490 Mox
1179 2465 1244 2489 idem
1259 2469 1287 2491 τὰ
1300 2467 1408 2499 ὑμέτερα..
1422 2465 1490 2490 Infra
1504 2472 1559 2498 post
1572 2470 1641 2493 οἰκίαν
1653 2467 1759 2493 Duuaeus
1771 2468 1816 2493 ad-

1063 2503 1173 2529 ‹leudum
1191 2510 1274 2529 censet
1292 2505 1429 2536 ssmdtmju]
