1891 2866
237 193 304 225 523
564 205 591 226 s.
621 205 758 227 JtMNMs
785 204 964 226 (tuux'sos'r.

233 272 284 299 cite
293 282 414 300 curemus
424 278 451 300 ut
461 271 537 311 plura
549 279 669 300 iuaueaut
679 272 770 311 plura;
783 272 817 300 ita
830 278 869 307 ut,
883 271 904 299 si
916 271 965 299 hoe.

233 328 284 345 non
296 324 424 352 servetur,
438 316 514 346 letale
524 318 670 356 accipiatur
682 317 786 353 vulnus.
798 318 967 355 Quapropter

232 362 278 391 ille
287 373 337 391 nou
350 362 399 391 hoc
411 363 496 392 solum
508 363 602 400 exigit,
617 371 645 391 ut
661 374 691 391 ue
707 363 741 391 ab
752 363 811 390 alii>
827 361 964 390 abscindu-

233 420 302 444 mur,
317 408 362 437 sed
375 410 454 438 ctiam
466 417 494 437 ut
502 409 645 438 admodum
657 409 788 448 conjuncti
805 419 963 436 timneamus.

231 454 299 483 Cum
310 455 420 483 dixisset
431 455 510 491 enim,
526 456 562 483 Εἰ
573 466 630 483 non
644 457 679 483 sil
690 455 816 482 schisma.
825 455 855 480 in
865 463 964 490 cor-po-

230 512 279 535 1·e;
294 512 346 531 non
365 501 415 531 hoc
436 509 572 530 contentus
594 501 656 535 luit,
680 500 725 529 sed
745 498 885 538 subjunxit
902 510 907 525 ε
928 500 964 527 Ut

229 550 259 575 in
278 550 371 586 ipsum
384 559 436 587 pro
456 551 579 577 invicem
597 548 723 576 sollicita
742 548 800 574 sint
819 547 963 578 membra;

227 595 336 623 alteram
349 595 416 623 hauc
430 606 534 633 quoque.
545 605 651 623 causam
666 594 785 626 afferens,
799 603 847 620 cur
859 592 962 620 minora

227 641 352 680 majorem
363 648 536 679 assequantur
546 641 681 669 honorem.
694 640 752 667 Nou
766 645 869 666 tautum
880 638 962 672 enim,

226 694 254 714 ut
273 698 324 715 non
345 687 378 715 ab
400 687 514 715 invicem
533 692 705 725 separentur,
736 684 773 713 sic
796 684 961 724 dispensavit

226 734 306 767 Deus,
320 733 366 761 sed
379 734 458 761 etiam
473 739 501 760 ut
522 732 605 760 multa
624 737 688 759 esset
704 731 797 759 caritas
811 737 835 759 et
849 741 959 759 concor-

225 778 278 806 dia.
294 779 362 807 Nam
377 778 398 807 si
413 778 525 816 siugulis
534 787 600 816 opus
612 783 650 805 est
662 776 780 815 proximi
793 775 871 804 saluti
887 776 959 804 advi-

224 824 316 861 gilare,
329 835 360 852 ne
372 824 439 852 mihi
451 823 538 851 minus
557 830 581 851 et
599 822 683 861 magis
694 822 796 850 dixeris
812 834 817 849 :
833 822 877 850 hic
889 822 959 850 enim

225 881 275 898 non
290 877 327 898 est
348 871 408 909 plus
422 877 446 898 et
461 870 557 898 minus.
571 871 694 897 Manente
706 879 819 906 namque
833 879 958 908 corpore,

224 922 307 954 potest
315 915 466 944 differentia
477 915 561 944 videri
568 927 576 952 ;
584 921 709 954 pereunte
718 921 816 952 autem,
822 925 873 943 non
882 915 943 943 item
952 927 957 942 :

225 962 321 1000 peribit
335 973 406 998 vero,
418 962 469 990 nisi
479 961 581 990 minora
596 968 727 989 maneant.

262 1008 288 1036 5.
300 1007 328 1036 Si
340 1018 402 1046 ergo
412 1017 507 1046 magna
519 1007 644 1046 peribunt
654 1007 744 1046 parvis
765 1006 899 1042 abscissis,
919 1008 958 1035 si-

222 1054 321 1082 militer
329 1054 427 1082 debent
437 1054 494 1082 haec
505 1063 599 1092 magna
610 1063 753 1092 parvorum
763 1053 871 1092 perinde
880 1061 958 1092 atquc

221 1100 262 1127 sui
274 1110 365 1128 curam
378 1110 478 1138 gerere:
489 1110 550 1128 cum
564 1099 661 1127 horum
674 1099 745 1127 enim
756 1099 840 1128 salute
853 1107 958 1128 manent

220 1146 298 1174 ctiam
311 1146 418 1184 majora.
430 1146 520 1183 Itaque
531 1144 633 1174 etiamsi
645 1145 740 1173 millies
751 1145 862 1181 dixeris,
875 1157 958 1174 mem-

219 1193 299 1220 brum
317 1202 371 1220 esse
386 1191 529 1230 inglorium
539 1199 563 1220 et
574 1192 679 1228 minus;
693 1191 737 1219 sed
749 1192 797 1220 uisi
809 1204 884 1230 reque
895 1204 956 1232 pro-

220 1237 320 1274 videas,
331 1245 359 1266 ut
370 1249 417 1276 pro
431 1245 456 1266 tc
468 1238 536 1277 ipso,
548 1237 592 1266 sed
604 1244 631 1266 ut
644 1238 730 1265 minus
743 1238 811 1266 illud
826 1239 953 1277 negligas,

219 1283 347 1312 damnum
360 1284 387 1312 iu
402 1291 427 1312 te
439 1283 569 1312 transibit.
585 1283 688 1312 Idcirco
704 1295 753 1312 non
765 1283 845 1319 dixit,
858 1286 895 1312 Ut
908 1296 956 1324 pro

220 1331 334 1359 invicem
348 1337 451 1358 tantum
462 1330 572 1358 sollicita
587 1330 639 1358 siut
652 1331 780 1363 membra,
792 1330 837 1359 sed
848 1331 953 1370 adjecit,

224 1378 262 1405 Ut
273 1377 308 1404 de
316 1377 416 1404 eodem
425 1387 477 1415 pro
491 1386 520 1404 se
532 1377 652 1404 invicem
664 1377 792 1405 sollicita
803 1379 860 1405 sint
871 1388 958 1405 mem-

223 1425 294 1457 bra;
309 1423 336 1452 id
351 1430 398 1458 est,
413 1423 494 1451 simili
507 1430 532 1451 et
546 1423 647 1457 eadem,
661 1434 712 1461 qua
724 1435 846 1463 magnus,
860 1436 958 1463 parvus

221 1480 326 1507 quoque
337 1470 441 1497 fruatur
451 1469 629 1508 providentia.
640 1471 678 1498 Ne
689 1471 777 1509 itaque
791 1471 902 1506 dixeris,
912 1472 960 1500 Ille

223 1515 341 1554 plebejus
351 1522 399 1550 est,
412 1516 458 1543 sed
468 1515 554 1553 cogita
568 1515 645 1544 illum
668 1527 723 1545 esse
737 1518 885 1546 membrum
900 1529 959 1546 cor-

224 1561 306 1599 poris,
316 1560 385 1598 quod
400 1567 483 1588 totum
494 1561 659 1590 continetxac
668 1562 891 1600 quemadmodum
903 1574 960 1592 ocu-

224 1607 276 1642 lus,
289 1606 326 1634 ita
338 1613 362 1634 et
378 1606 420 1634 hic
434 1606 496 1634 facit
511 1613 539 1635 ut
553 1617 649 1646 eorpus
661 1608 694 1636 sit
709 1618 813 1647 corpus.
825 1609 877 1638 Ubi
892 1610 961 1638 euim

224 1663 320 1691 corpus
333 1652 490 1687 aedificatur,
499 1653 589 1681 nullus
598 1652 737 1692 quidpiam
749 1654 958 1694 habetamplius,

224 1709 305 1736 quam
326 1698 475 1737 proximus.
496 1699 589 1737 Neque
609 1699 679 1727 euim
702 1699 752 1728 hoc
773 1711 868 1740 corpus
887 1702 960 1738 facit,

225 1744 297 1782 quod
315 1745 349 1772 sit
370 1743 439 1772 illud
460 1744 568 1782 quidem
590 1745 686 1783 majus,
704 1746 754 1775 hoe
778 1757 841 1775 vero
862 1748 961 1783 minus,

226 1790 271 1819 sed
281 1790 353 1828 quod
363 1790 445 1818 multa
453 1790 504 1818 sint
518 1798 543 1819 et
554 1790 672 1820 diversa.
681 1791 757 1820 Sicut
767 1793 837 1821 enim
852 1800 890 1827 tu,
901 1794 962 1832 quia

227 1837 311 1875 major
324 1847 363 1872 es,
378 1847 474 1875 corpus
496 1837 634 1865 constituis
646 1849 652 1864 :
664 1837 701 1865 ita
721 1845 746 1866 et
763 1837 820 1874 hic,
834 1839 896 1876 quia
913 1842 962 1869 mi-

227 1894 282 1911 nor.
296 1884 387 1920 Itaque
406 1883 539 1922 pusillitas
555 1883 621 1921 ejus,
639 1894 700 1911 cum
714 1894 809 1923 corpus
831 1885 963 1914 aedificare

226 1935 340 1968 oportet,
353 1939 399 1967 par
411 1928 459 1956 tibi
472 1928 569 1956 honore
583 1929 613 1956 fit
627 1928 660 1957 ad
677 1929 746 1957 hane
756 1930 897 1968 pulchram
908 1932 963 1959 col-

227 1974 380 2010 lectionem3
393 1974 511 2013 idipsum
522 1975 591 2003 enim
604 1982 688 2014 potest
706 1977 780 2014 quod
795 1982 822 2004 tu
832 1988 837 2003 :
847 1976 874 2004 id
891 1977 963 2015 quod

227 2022 289 2050 inde
317 2022 406 2061 palam
431 2029 478 2050 est.
498 2023 557 2051 Non
577 2023 611 2051 sit
633 2023 676 2051 vel
701 2025 789 2052 minus
813 2025 855 2052 vel
878 2026 963 2064 majus

228 2067 386 2102 membrum,
398 2078 444 2096 nec
460 2068 597 2096 honestum
610 2075 633 2097 et
645 2069 733 2097 minus
754 2070 903 2105 honestum,
917 2071 963 2099 sed

227 2114 280 2142 sint
291 2114 378 2142 omnia
388 2114 492 2151 oculus,
503 2121 548 2142 aut
559 2116 645 2143 omnia
658 2122 737 2154 eaput
750 2126 851 2144 :annon
864 2118 963 2156 peribit

228 2170 323 2199 corpus
338 2159 428 2188 illud?
443 2160 474 2188 ld
488 2160 574 2188 cuivis
591 2162 760 2190 manifestum
774 2164 930 2192 est.Rursus
940 2164 961 2192 si

228 2205 315 2234 omnia
326 2206 379 2234 sint
392 2206 503 2241 minora,
514 2206 632 2245 idipsum
646 2208 758 2236 eveniet.
771 2209 862 2247 Itaque
874 2209 900 2237 iu
914 2210 962 2238 hoc

227 2251 305 2279 etiam
322 2251 425 2279 minora
437 2258 497 2279 sunt
511 2251 630 2289 aequalia.
643 2252 671 2280 Si
691 2263 752 2281 vero
766 2261 883 2292 oporteat
897 2256 961 2293 quid

227 2298 342 2337 amplius
353 2297 449 2333 dicere,
461 2304 490 2325 ut
504 2304 607 2326 maneat
619 2308 725 2336 corpus,
733 2299 820 2327 minor
832 2307 869 2328 est
882 2301 903 2329 is
914 2302 960 2339 qui

227 2344 313 2372 minor
323 2355 329 2371 :
339 2344 427 2382 itaque
442 2350 548 2382 propter
563 2350 587 2371 te
600 2343 686 2372 minor
699 2351 747 2381 cst,
761 2352 789 2373 ut
804 2352 832 2373 tu
849 2357 960 2385 maguus

227 2400 336 2418 maneas.
354 2389 416 2418 Ideo
437 2389 556 2418 eamdem
577 2390 660 2427 exigit
671 2390 705 2418 ab
719 2391 842 2419 omu1bus
863 2394 957 2431 provi-

225 2436 357 2473 dentiam3
375 2443 400 2464 et
422 2447 481 2464 cum
505 2436 628 2472 dixisset,
648 2438 685 2464 Ut
699 2438 734 2465 de
747 2439 845 2466 eodem
862 2450 914 2477 pro
928 2451 958 2468 sc

224 2484 346 2510 invicem
361 2482 488 2510 sollicita
506 2484 563 2510 sint
584 2483 720 2517 membra,
737 2483 787 2511 hoc
807 2495 898 2513 rursus
917 2485 956 2514 in-

995 204 1148 226 'tumul-31³.

984 448 999 469 l}

979 2169 996 2191 E

1178 205 1443 227 C(›M³'1'AN'1‘1NOP,

1020 265 1082 294 αὐτὸ
1093 265 1155 303 ὑπὲρ
1169 265 1288 300 ἀλλήλων
1310 267 1455 305 μεριμνῶσι
1470 266 1500 293 τὰ
1523 266 1602 303 μέλη·
1624 266 1712 306 ἑτέραν
1735 269 1779 296 καί

1018 310 1115 345 ταύτην
1129 310 1213 339 αἰτίαν
1227 311 1372 349 προστιθεὶς
1392 314 1436 339 τοῦ
1456 311 1489 340 τὰ
1515 312 1640 341 ἐλάττονα
1663 313 1779 345 πλείονος

1019 356 1157 384 ἀπολαύειν
1177 360 1263 394 τιμῆς.
1280 359 1318 386 Οὐ
1334 357 1383 396 γὰρ
1395 357 1437 386 ἵνα
1453 358 1490 395 μὴ
1514 358 1688 397 ἀποσχίζητοιι
1702 359 1777 397 μόνον

1020 403 1149 437 ἀλλήλων,
1166 403 1245 436 οὕτως
1266 403 1431 443 ᾠκονόμησεν
1456 407 1469 433 ὁ
1492 405 1573 440 Θεὸς,
1589 406 1645 434 ἀλλ’
1669 405 1711 434 ἵνα
1734 406 1779 434 καὶ

1019 448 1108 485 ἀγάπη
1123 444 1140 487 ἦ
1152 448 1235 484 πολλὴ
1251 449 1296 478 καὶ
1308 449 1422 487 ὁμόνοια.
1436 454 1446 466 ⁸
1456 452 1488 479 Εἰ
1503 451 1552 490 γὰρ
1565 453 1589 480 ἐν
1604 454 1636 490 τῇ
1650 454 1694 480 τοῦ
1706 453 1778 487 πλη-

1018 493 1072 522 σίον
1085 494 1200 534 σιιιτηρία
1213 495 1242 523 τὸ
1256 498 1320 523 εἰναι
1336 495 1451 535 ἑκάστῳ,
1468 497 1497 511 **

1505 497 1541 534 μή
1568 509 1612 534 μοι
1626 497 1655 526 τὸ
1672 497 1777 526 ἔλαττον

1019 538 1062 566 καὶ
1079 540 1108 568 τὸ
1121 540 1198 569 πλέον
1217 541 1290 579 εἴπῃς
1303 553 1308 558 ·
1331 543 1440 571 ἐνταῦθα
1453 542 1501 580 γὰρ
1513 544 1558 571 οὐκ
1570 542 1625 571 ἔστι
1640 543 1718 571 πλέον
1733 543 1777 572 καὶ

1017 584 1132 614 ἔλαττον.
1154 586 1281 619 Μένοντος
1303 586 1353 625 γὰρ
1375 590 1419 615 τοῦ
1441 587 1578 627 σώματος,
1603 589 1709 617 δυνατὸν
1733 589 1777 617 καὶ

1017 630 1063 665 τὴν
1080 631 1202 670 διαφορὰν
1223 633 1282 660 ἰδεῖν
1296 644 1301 649 ·
1321 633 1499 670 ἀπολλυμένου
1520 633 1546 662 δὲ
1559 657 1566 669 ,
1584 635 1686 664 οὐκέτι·
1713 637 1776 663 ἀπο-

1017 678 1101 705 λεῖται
1118 677 1160 713 δὲ,
1172 677 1201 705 ἂν
1220 677 1256 715 μὴ
1273 678 1316 706 καὶ
1331 678 1364 706 τὰ
1381 679 1506 707 ἐλάττονα
1519 679 1593 718 μένῃ.

1055 1008 1086 1036 Εἰ
1100 1007 1183 1036 τοίνυν
1199 1008 1243 1037 καὶ
1268 1009 1300 1037 τὰ
1324 1009 1426 1047 μεγάλα
1450 1011 1584 1038 ἀπολεῖται
1599 1011 1651 1038 τῶν
1676 1013 1776 1050 μικρῶν

1015 1054 1223 1093 ἀπορραγέντων,
1251 1055 1346 1092 ὁμοίως
1367 1056 1463 1094 ὀφείλει
1494 1059 1575 1084 ταῦτα
1601 1059 1652 1085 τῶν
1676 1059 1776 1095 μικρῶν

1014 1100 1166 1138 φροντίζειν,
1179 1100 1223 1128 καὶ
1240 1100 1320 1133 οὕτως
1334 1102 1368 1133 ὡς
1381 1103 1489 1137 ἑαυτῶν,
1509 1101 1553 1130 ἅτε
1577 1103 1602 1130 ἐν
1625 1105 1657 1141 τῇ
1679 1103 1776 1131 τούτων

1013 1146 1129 1185 σωτηρίᾳ
1141 1146 1184 1174 καὶ
1199 1148 1249 1174 τῶν
1264 1147 1387 1184 μειζόνων
1404 1147 1544 1185 μενόντων.
1559 1147 1645 1177 ‘'sse-ca
1666 1148 1714 1177 κᾶν
1729 1161 1777 1187 μυ-

1015 1192 1097 1231 ριάκις
1111 1192 1202 1230 λέγῃς,
1217 1193 1255 1221 ὅτι
1271 1193 1364 1231 ἄτιμον
1378 1193 1406 1221 τὸ
1429 1193 1504 1231 με’λος
1522 1194 1567 1222 καὶ
1587 1194 1702 1230 ἔλαττον,
1718 1197 1776 1224 ἀλλ’

1013 1238 1057 1266 ἐὰν
1082 1238 1117 1276 μὴ
1144 1239 1239 1276 ὁμοίως
1255 1242 1379 1278 προνοῇς,
1405 1242 1440 1272 ὡς
1461 1240 1504 1268 καὶ
1528 1244 1638 1276 σαυτοῦ,
1663 1242 1721 1269 ἀλλ’
1742 1243 1778 1273 ὡς

1013 1284 1146 1317 ἐλάττονος
1171 1287 1286 1322 ἀμελῇς,
1307 1287 1323 1319 ἡ
1348 1285 1432 1323 [steten
1452 1286 1487 1318 εἷς
1503 1285 1530 1314 σὲ
1547 1286 1710 1320 διαδήσεται.
1725 1287 1777 1315 Διὰ

1012 1333 1087 1358 τοῦτο
1099 1331 1144 1358 οὐκ
1165 1325 1244 1365 εἶπεν,
1263 1330 1305 1358 ἵνα
1320 1331 1384 1368 ὑπὲρ
1399 1331 1518 1365 ἀλλήλων
1533 1331 1609 1369 μόνον
1630 1335 1776 1370 μεριμνῶσι

1013 1375 1046 1403 τὰ
1058 1375 1139 1412 μέλη,
1154 1376 1221 1404 ἀλλὰ
1232 1376 1402 1414 προσέΟηκεν,
1414 1376 1473 1405 Ἵνα
1489 1377 1518 1405 τὸ
1534 1378 1596 1406 αὐτὸ
1609 1376 1675 1417 ὑπὲρ
1692 1378 1776 1412 ἀλλή-

1013 1423 1065 1450 λων
1081 1424 1243 1461 μεριμνῶσι,
1257 1422 1399 1457 τουτέστιν,
1419 1422 1509 1459 ὁμοίας
1521 1422 1565 1450 καὶ
1587 1425 1632 1457 τῆς
1648 1425 1727 1458 αὐτῆς
1738 1426 1776 1462 τῷ

1012 1468 1117 1506 μεγαλῳ
1135 1468 1178 1496 καὶ
1192 1471 1205 1496 ὃ
1221 1469 1311 1507 μικρὸς
1327 1468 1445 1507 ἀπολαύῃ
1468 1468 1598 1508 προνοίας.
1621 1470 1666 1504 Μὴ
1689 1469 1775 1497 τοίνυν

1013 1514 1099 1551 εἴπῃς,
1112 1514 1151 1542 ὅτι
1171 1517 1183 1542 ὁ
1208 1515 1277 1543 δεῖνα
1291 1517 1304 1543 ὁ
1318 1514 1404 1553 τυχών
1421 1515 1500 1549 ἐστιν,
1517 1515 1574 1543 ἀλλ’
1596 1515 1714 1550 ἐννόησον
1735 1515 1776 1544 ὅτι

1014 1560 1090 1597 μέλος
1105 1561 1173 1589 ἐστὶν
1184 1560 1280 1589 ἐκείνου
1296 1564 1341 1589 τοῦ
1353 1560 1474 1598 σώματος
1488 1564 1532 1589 τοῦ
1546 1561 1575 1589 τὸ
1592 1566 1644 1589 πᾶν
1662 1573 1776 1600 συγκρα-

1013 1610 1128 1639 τοῧντος·
1140 1607 1183 1635 καὶ
1198 1606 1286 1646 ὥσπερ
1301 1609 1314 1635 ὁ
1328 1607 1467 1645 ὀφθαλμὸς,
1482 1606 1607 1641 οὕτωκαὶ
1622 1603 1694 1639 οὗτος
1708 1612 1777 1636 ποιεῖ

1014 1655 1091 1690 σῶμα
1111 1648 1175 1681 εἶναι
1191 1652 1220 1681 τὸ
1242 1655 1327 1690 σῶμα.
1342 1652 1424 1681 ῚΞνΟα
1435 1652 1486 1691 γὰρ
1498 1652 1526 1681 ἂν
1543 1653 1573 1682 τὸ
1587 1655 1663 1691 σῶμα
1674 1654 1776 1682 οἰκοδο-

1015 1701 1111 1733 μῆται,
1126 1699 1206 1732 οὐδεὶς
1231 1699 1300 1727 οὐδὲν
1322 1703 1366 1728 τοῦ
1388 1699 1499 1734 πλησίον
1520 1698 1575 1738 ἔχει
1597 1699 1683 1728 πλέον.
1708 1700 1777 1728 Οὐδὲ

1014 1745 1064 1784 γὰρ
1079 1747 1154 1773 τοῦτο
1167 1750 1235 1773 ποιεῖ
1251 1747 1326 1783 σῶμα
1340 1768 1346 1778 ,
1362 1745 1392 1773 τὸ
1407 1741 1473 1773 εἶναι
1484 1745 1513 1773 τὸ
1532 1745 1578 1783 μὲν
1598 1747 1693 1783 μεῖζον,
1709 1746 1739 1774 τὸ
1749 1745 1776 1774 δὲ

1014 1791 1130 1826 ἔλαττον,
1143 1791 1210 1819 ἀλλὰ
1232 1789 1263 1819 τὸ
1285 1791 1370 1820 πολλὰ
1385 1787 1449 1819 εἶναι
1471 1791 1516 1820 καὶ
1539 1791 1658 1831 διάφορα.
1673 1791 1776 1830 ’Ὠσπερ

1015 1836 1064 1875 γὰρ
1081 1836 1110 1865 σὺ
1121 1857 1128 1870 ,
1149 1836 1237 1871 ἐπειδὴ
1267 1837 1360 1874 μείζων
1385 1832 1418 1871 εἷ,
1442 1837 1471 1865 τὸ
1496 1839 1573 1875 σῶμα
1601 1837 1775 1872 συνέστησας,

1014 1882 1081 1911 οὕτω
1095 1883 1139 1911 καὶ
1153 1879 1240 1919 οὗτος,
1262 1883 1351 1918 ἐπειδὴ
1369 1883 1494 1911 ἐλάττων.
1505 1883 1590 1911 υΩστε
1602 1886 1618 1919 ἡ
1634 1883 1776 1916 ἐλάττωσις

1014 1930 1105 1963 αὐτοῦ,
1120 1928 1181 1957 ὅταν
1208 1928 1251 1966 δέῃ
1274 1929 1303 1957 τὸ
1318 1931 1395 1965 σῶμα
1419 1929 1576 1967 οἰκοδομεῖν,
1599 1924 1714 1967 ἷσότιμός
1735 1941 1776 1958 σοι

1013 1974 1111 2012 γίνεται
1121 1976 1156 2006 εἷς
1174 1974 1217 2003 τον
1233 1974 1311 2003 καλὸν
1326 1977 1413 2002 τοῦτον
1430 1974 1518 2013 ἔρανον
1529 1986 1534 1992 ·
1549 1974 1579 2002 τὸ
1593 1974 1642 2013 γὰρ
1660 1974 1722 2003 αὖτό
1735 1986 1776 2003 σοι

1015 2020 1136 2048 δύναται·
1152 2021 1195 2049 καὶ
1211 2022 1287 2054 δῆλον
1305 2021 1411 2049 ἐκεῖθεν,
1428 2020 1473 2055 Μὴ
1489 2019 1557 2048 ἔστω
1569 2020 1675 2049 ἔλαττόν
1688 2033 1713 2049 τι
1731 2021 1776 2049 καὶ

1016 2068 1101 2104 μεῖζον
1117 2066 1207 2103 μέλος,
1226 2065 1291 2104 μηῗὲ
1303 2066 1389 2102 τίμιον
1403 2066 1446 2095 καὶ
1459 2066 1621 2106 ἀτιμότερον,
1635 2067 1691 2095 ἀλλ’
1707 2065 1774 2095 ἔστω

1015 2112 1099 2141 πάντα
1110 2112 1253 2151 ὀφθαλμὸς,
1269 2112 1285 2147 ἢ
1299 2112 1386 2141 πάντα
1406 2111 1505 2151 κεφαλή
1518 2124 1523 2130 ·
1539 2113 1586 2140 οὐκ
1601 2112 1775 2141 ἀπολεῖταιτὸ

1015 2159 1106 2195 σῶμα,
1123 2158 1207 2186 Παντί
1222 2170 1270 2187 που
1286 2159 1363 2192 δῆλον
1376 2170 1382 2176 ·
1393 2159 1479 2187 Πάλιν
1504 2158 1534 2186 ἂν
1549 2158 1636 2186 πάντα
1651 2158 1776 2187 ἐλάττονα

1013 2199 1045 2242 ᾖ,
1060 2204 1090 2232 τὸ
1108 2204 1170 2232 αὐτὸ
1185 2203 1355 2241 συμὸήσετοιι·
1376 2203 1445 2232 ὥστε
1469 2204 1513 2232 καὶ
1528 2203 1610 2242 ταύτῃ
1627 2205 1727 2232 ἷσοῦται
1741 2204 1775 2232 τὰ

1013 2249 1121 2278 ἐλάττω.
1139 2251 1170 2278 Εἰ
1185 2249 1209 2278 δὲ
1222 2250 1259 2277 δεῖ
1269 2262 1294 2278 τι
1309 2250 1352 2278 καὶ
1364 2250 1442 2278 πλέον
1451 2251 1540 2285 εἰπεῖν,
1552 2249 1594 2278 ἵνα
1607 2249 1671 2288 με’νῃ
1684 2251 1774 2286 σῶμα,

1013 2295 1127 2324 ἐλάττων
1142 2295 1210 2324 ἐστὶν
1223 2297 1235 2323 ὁ
1251 2295 1364 2324 ἐλάττων
1376 2307 1381 2312 ·
1391 2294 1458 2324 ὥστε
1469 2295 1510 2323 διὰ
1523 2295 1552 2324 σε’
1566 2296 1636 2323 ἐστιν
1648 2294 1774 2329 ἐλάττων,

1012 2340 1054 2370 ἵνα
1077 2341 1107 2370 σὺ
1126 2341 1206 2379 μένῃς
1229 2341 1309 2380 μέγας
1332 2340 1377 2370 ὤν,
1399 2341 1449 2369 Διὰ
1474 2344 1548 2369 τοῦτο
1562 2340 1606 2368 καὶ
1629 2340 1676 2375 τὴν
1694 2339 1774 2375 αὐτὴν

1013 2389 1117 2416 ἀπαιτεῖ
1133 2387 1204 2426 παρὰ
1222 2387 1325 2416 πάντων
1349 2387 1486 2427 πρόνοιαν·
1503 2386 1547 2415 καὶ
1564 2386 1653 2421 εἰπὼν,
1665 2386 1723 2415 Ἵνα
1744 2386 1774 2414 τὸ

1013 2438 1073 2467 αὐτὸ
1086 2437 1151 2478 ὑπὲρ
1166 2438 1286 2472 ἀλλήλων
1306 2440 1452 2476 μεριμνῶσι
1474 2437 1506 2467 τὰ
1530 2437 1613 2475 μέλ-η,
1636 2438 1774 2476 ἑρμηνεύει

1011 2489 1040 2517 τὸ
1053 2489 1116 2517 αὐτὸ
1130 2493 1204 2518 τοῦτο
1217 2489 1305 2524 πάλιν,
1319 2489 1414 2527 λέγων·
1430 2489 1482 2517 Καὶ
1496 2488 1547 2517 εἴτε
1567 2488 1663 2527 πάσχει
1675 2488 1702 2517 ἓν
1720 2488 1770 2526 μέ-

254 2584 262 2594 ·
281 2577 326 2599 uit·
339 2577 439 2600 omuino
453 2576 568 2601 mendum
579 2586 629 2601 esse
646 2577 760 2604 videtur:
776 2578 912 2605 divinando
926 2583 1050 2608 vertimus,
1065 2586 1125 2616 [Nos
1141 2585 1252 2609 lacunam
1271 2584 1456 2616 indicavimus]
