1891 2866
243 151 310 186 286

239 223 362 263 da,quod
373 230 491 253 ventrem
503 224 631 263 impleant
643 231 668 252 et
679 223 844 252 inebrientur
854 222 975 261 ;etquod

239 270 348 309 gravius
368 276 418 308 cst,
429 269 606 298 esurientibus
628 269 802 309 pauperibus.
814 272 881 306 Quae
904 269 974 297 enim

238 316 362 345 omnibus
374 316 402 344 in
413 315 546 344 communi
557 315 713 355 apponenda
725 323 808 352 erant,
818 315 851 344 iis
863 315 913 354 ipsi
925 314 975 343 soli

237 362 406 401 ingurgitati,
421 369 445 390 et
461 362 488 390 in
503 362 730 390 insatiabilitatem
742 369 767 390 et
781 362 807 390 in
820 361 973 390 ebrietatem

237 408 399 438 deserebant.
414 408 478 437 Ideo
493 419 544 437 non
559 408 641 443 dixit,
659 408 736 437 Alius
749 408 857 446 quidem
877 408 972 441 esurit,

235 455 306 484 alius
332 455 460 492 satiatur,
476 455 533 490 sed,
557 456 665 483 Ebrius
681 461 732 483 est.
758 455 861 483 Horum
886 461 974 482 autem

238 509 381 540 utrumque
395 512 441 540 per
454 512 481 530 se
495 501 607 539 dignum
628 508 667 529 est
685 500 903 539 reprehensione:
915 510 975 528 nam

236 547 374 583 inebriari,
388 547 467 575 ctiam
481 547 581 584 absque
592 557 621 574 eo
631 545 703 584 quod
716 545 898 585 despiciantur
909 556 974 584 pau-

236 604 320 633 peres,
330 593 408 632 culpa
421 600 473 627 ειη
486 603 614 631 pauperes
624 591 769 630 despicere,
780 591 879 628 absque
891 591 976 619 ebrie-

236 646 298 677 tate,
314 646 352 668 est
374 638 558 668 criminatione
576 638 708 675 dignum:
724 648 745 665 c
741 648 785 665 im
808 644 896 665 autem
919 637 976 664 haec

235 685 317 713 simul
330 686 470 724 conjuncta
485 690 556 717 sunt,
569 694 616 721 co*D
607 683 654 711 ita
669 690 784 721 quantus
799 682 833 710 sit
849 682 975 720 iniquita-

235 731 298 760 tatis
319 741 455 760 excessus.
478 727 592 758 Deinde
610 736 752 768 postquam
781 728 974 757 absurditatem

234 777 359 812 ostendit,
370 787 431 805 cum
447 786 541 813 magna
557 775 681 814 deinceps
696 775 878 813 indignatione
889 775 975 804 incre-

234 823 367 862 pationem
399 821 504 860 adjicit,
521 821 681 850 dicensfflfl.
699 822 850 860 Numquid
873 822 973 850 domos

233 879 292 897 non
314 869 426 897 habetis
443 869 483 896 ad
497 868 736 896 manducandum
751 874 779 895 et
793 868 948 896 bibendum
959 871 972 896 Ρ

232 924 282 946 aut
298 917 449 946 ecclesiam
472 917 529 945 Dei
548 918 732 944 contemnitis
750 922 777 943 et
791 916 972 954 confunditis

233 974 291 998 eos,
300 966 350 1003 qui
365 974 423 991 non
433 964 540 992 habent
551 966 563 990 Ξ
578 961 676 990 Vidcn’
693 961 827 1000 quomodo
838 972 853 990 a
866 973 896 1001 pa
902 973 971 1001 upe-

231 1020 293 1037 rum
307 1009 466 1038 contumelia
478 1007 691 1036 criminationem
705 1007 868 1036 traducatad
878 1007 970 1036 Eccle-

230 1055 308 1089 siam,
321 1062 349 1084 ut
363 1055 514 1094 graviorem
524 1054 646 1082 redderet
657 1053 820 1082 orationem?
836 1053 906 1082 Ecce
921 1054 972 1093 igi-

230 1108 276 1130 tur
300 1109 422 1140 quartam
447 1101 642 1129 accusationem
652 1122 659 1136 ,
681 1111 744 1128 cum
766 1110 819 1128 non
843 1110 973 1139 pauperes

230 1147 310 1177 modo
334 1148 380 1176 sed
406 1147 485 1176 etiam
518 1146 637 1176 Ecclesia
665 1146 824 1175 contumelia
847 1147 972 1176 afficitur.

230 1195 307 1223 Sicut
329 1194 400 1223 enim
415 1194 586 1223 Dominicam
601 1204 701 1221 coenam
713 1193 849 1232 propriam
864 1194 914 1222 tibi
930 1194 971 1222 sa-

230 1241 281 1275 cis,
300 1241 338 1269 sic
358 1247 383 1269 et
403 1239 493 1268 Iocum
515 1240 606 1272 etiam,
623 1239 732 1268 ecclesia
757 1246 832 1267 utens
849 1246 878 1267 ut
892 1239 972 1269 domo

230 1294 286 1316 tua.
301 1287 418 1316 Ecclesia
440 1287 511 1315 enim
535 1286 603 1314 facta
627 1292 681 1321 est,
697 1296 748 1313 non
766 1292 792 1313 ut
811 1286 970 1314 convenien-

231 1339 268 1362 tes
283 1333 366 1363 divisi
388 1333 490 1368 simus;
507 1331 555 1361 sed
569 1339 599 1360 ut
613 1332 659 1370 qui
675 1331 758 1360 divisi
779 1338 840 1360 sunt
859 1332 971 1371 conjun-

231 1387 342 1418 gantur:
352 1386 377 1407 et
387 1378 437 1407 hoc
446 1378 579 1417 significat
587 1379 783 1406 conventusEt
790 1378 971 1416 confunditis

230 1438 278 1456 eos
292 1430 343 1467 qui
363 1438 423 1455 non
441 1428 558 1456 habent.
571 1426 630 1454 Non
648 1425 729 1461 dixit,
742 1425 777 1453 Et
791 1425 860 1453 fame
872 1426 971 1454 necatis

230 1483 273 1501 cos
283 1473 329 1511 qui
344 1483 394 1501 non
411 1472 520 1509 habent,
536 1472 584 1501 sed
600 1472 728 1510 majorem
742 1472 874 1500 incutiens
886 1472 970 1510 pudo-

228 1531 296 1557 rem,
311 1520 500 1561 Confunditis
509 1542 516 1554 ‚
527 1519 584 1547 sive
594 1518 696 1558 pudore
709 1518 828 1555 afficitis,
842 1525 869 1546 ut
883 1525 969 1547 osten-

228 1565 274 1594 dat
297 1576 324 1594 se
342 1576 394 1594 nou
416 1565 574 1594 alimentum
597 1571 700 1593 tantum
721 1574 826 1600 curare,
840 1571 970 1602 quantum

229 1611 418 1640 contumeliam
432 1611 497 1650 ipsis
511 1611 650 1639 inflictam.
666 1611 734 1639 Ecce
749 1610 869 1648 quintam
891 1621 969 1639 accu-

228 1658 368 1694 sationem,
381 1657 453 1696 quod
468 1668 519 1686 non
531 1664 634 1686 tantum
648 1657 792 1685 esurientes
808 1657 967 1696 despiciant,

227 1704 275 1733 sed
285 1704 431 1733 etiamillos
441 1703 544 1743 pudore
552 1703 744 1732 afficiant.Hoc
753 1710 843 1732 autem
851 1703 968 1740 dicebat,

227 1751 308 1780 simul
319 1759 346 1780 et
357 1762 387 1780 ea
396 1762 455 1789 quae
471 1761 600 1790 pauperes
614 1750 770 1790 spectabant
787 1749 932 1787 honorans,
944 1756 969 1779 et

227 1798 365 1827 ostendens
380 1798 441 1826 illos
452 1808 502 1825 non
520 1804 623 1825 tantum
632 1796 665 1825 de
677 1803 779 1833 ventre,
793 1803 923 1834 quantum
936 1796 969 1825 de

228 1844 390 1873 contumelia
409 1843 511 1878 dolere,
519 1843 600 1871 simul
612 1849 701 1871 autem
719 1842 870 1871 auditorem
887 1849 969 1871 attra-

227 1890 293 1919 hens
306 1890 341 1919 ad
362 1889 581 1919 misericordiam.
595 1890 666 1918 Cum
689 1899 752 1927 ergo
774 1889 831 1917 haec
852 1888 969 1917 absurda

229 1936 395 1974 ostendisset,
408 1935 596 1965 contumeliam
612 1935 638 1963 in
655 1945 770 1971 coenam,
780 1934 968 1963 contumeliam

228 1982 256 2010 in
269 1982 419 2019 ecclesiam,
429 1988 643 2019 contemtumque
657 1991 819 2020 pauperum,
829 1980 894 2009 lenit
908 1991 967 2009 rur-

227 2039 274 2057 sus
286 2028 474 2067 increpationis
491 2027 696 2062 vehementiam,
710 2027 800 2055 dicens
813 2028 967 2056 :Laudabo

226 2085 280 2103 vos
292 2077 304 2102 9
318 2077 350 2102 in
360 2075 414 2102 hoc
426 2084 483 2102 non
496 2074 593 2102 laudo.
605 2073 687 2108 Quod
698 2080 768 2102 certe
779 2073 838 2111 quis
851 2073 968 2102 maxime

226 2120 348 2155 miretur,
358 2119 431 2158 quod
445 2130 506 2148 cum
518 2119 701 2147 vehementius
715 2119 851 2158 increpare
865 2126 968 2159 oporte-
984 2121 1002 2144 C

226 2173 276 2201 ret,
290 2173 431 2205 postquam
452 2172 490 2193 tot
513 2172 620 2204 peccata
642 2165 773 2193 recensuit
794 2172 819 2194 et
842 2166 966 2205 perstrin-

226 2212 330 2249 xit,hic
342 2218 433 2240 contra
444 2211 531 2240 lenius
541 2217 602 2248 agat
615 2218 640 2238 et
651 2210 696 2239 det
706 2211 856 2250 respirandi
867 2212 965 2241 locum.

226 2260 349 2295 Quanam
372 2258 406 2287 de
428 2257 527 2286 causa?
544 2257 661 2286 Gravius
680 2256 750 2296 ipsos
777 2258 966 2296 perstrinxerat

225 2306 389 2346 amplificata
401 2304 576 2339 accusatione,
588 2310 684 2332 etcum
698 2304 814 2342 optimus
829 2305 863 2332 sit
880 2305 965 2334 medi-

226 2365 283 2393 cus,
311 2358 499 2391 congruentem
520 2350 677 2379 vulneribus
702 2350 763 2379 fecit
788 2351 942 2380 incisionem
951 2375 961 2389 ,

566 163 594 184 S.
624 163 680 185 JOA
689 163 764 185 Nms
791 161 972 184 CHRY'sosT.

981 1028 1016 1047 245

990 1055 1032 1078 Α

259 2465 269 2475 “
287 2457 332 2488 [Β.
342 2460 457 2488 γινομένην
468 2459 539 2487 μέθην
557 2456 685 2490 ὑπεροψίαν,
695 2456 722 2480 Α.
733 2467 754 2487 γ.
765 2458 835 2487 μέθην
849 2459 885 2482 καὶ
902 2459 977 2490 ὑπερ,

226 2495 292 2529 quod
306 2493 461 2527 probamus-1

259 2537 271 2553 ¹¹
290 2535 294 2567 Ι
309 2542 350 2560 τῶν
368 2534 435 2558 abest
450 2535 473 2558 iu
491 2535 518 2559 A.
533 2534 560 2559 B.
575 2532 653 2557 Iidem
669 2539 692 2557 ct
706 2541 783 2565 marg.
798 2533 873 2559 Savil.
891 2537 978 2567 :fizpm

1002 162 1157 184 ARCfflEP.
1187 161 1455 183 CONSTANTINOP-

1029 218 1098 252 οὗτοι
1110 223 1183 260 μόνοι
1197 222 1357 261 σιτούμενοι,
1367 223 1412 251 καὶ
1427 224 1461 254 εἷς
1475 216 1678 257 ἀπληστίανκαὶ
1697 223 1732 254 εἷς
1746 223 1790 259 με’-

1029 271 1075 304 θην
1089 268 1228 302 ἐξέὸαινον.
1243 269 1291 297 Διὸ
1305 270 1362 298 οὐδὲ
1373 264 1455 303 εἶπεν,
1469 268 1495 301 ὃς
1507 268 1554 307 μὲν
1566 273 1652 308 πεινᾷ,
1667 268 1694 302 ὃς
1707 268 1733 297 δὲ
1743 280 1790 297 κο-

1031 315 1147 353 ρέννυται
1156 339 1163 351 ,
1174 315 1255 352 ἀλλὰ,
1270 315 1378 344 Μεθύει.
1398 315 1506 344 Τούτων
1518 315 1544 343 δὲ
1555 315 1664 344 ἕκαστον
1679 314 1724 344 καὶ
1734 316 1792 343 καθ’

1029 361 1106 390 ἑαυτὸ
1121 361 1167 399 μὲν
1182 361 1338 401 κατηγορίας
1352 360 1436 394 ἄξῑον·
1451 361 1496 390 καὶ
1509 362 1559 400 γὰρ
1573 361 1603 389 τὸ
1620 360 1720 399 μεθύειν
1734 372 1793 400 χω-

1031 407 1068 446 ρὶς
1079 411 1123 436 τοῦ
1139 414 1255 448 παρορᾷν
1270 408 1384 444 πένητας
1405 408 1539 447 ἔγκλημα,
1566 408 1610 437 καὶ
1626 408 1656 437 τὸ
1675 413 1792 448 παρορᾷν

1029 453 1143 488 πένητας
1156 455 1237 494 χωρὶς
1259 458 1303 484 τοῦ
1322 454 1423 493 μεθύειν
1447 454 1606 494 κατηγορία·
1630 454 1692 483 ὅταν
1706 454 1734 483 δὲ
1748 454 1794 483 καὶ

1030 502 1094 538 ὁμοῦ
1108 501 1261 539 συνημμένα
1272 497 1303 540 ᾗ,
1312 501 1432 537 ἐννόησον
1446 501 1493 537 ὅση
1507 504 1524 536 ἦ
1536 500 1667 540 ὓπερὸολὴ
1680 502 1730 535 τῆς
1741 512 1794 530 πα-

1030 545 1165 584 ρανομίας.
1174 542 1242 575 Εἶτα
1255 547 1337 580 δείξας
1350 547 1397 583 τὴν
1411 547 1531 583 ἀτοπίαν,
1544 547 1610 585 μετὰ
1624 547 1723 576 πολλοῦ
1734 548 1794 576 λοι-

1029 591 1077 619 πὸν
1089 595 1133 620 τοῦ
1146 594 1226 630 θυμοῖ)
1237 592 1285 627 τὴν
1304 592 1441 627 ἐπίπληξιν
1451 593 1543 631 ἐπάγει
1551 614 1559 627 ,
1571 593 1668 632 λέγων·
1684 593 1731 628 Μὴ
1742 593 1794 633 γὰρ

1029 636 1113 669 οἷκίας
1132 639 1179 666 οὐκ
1193 637 1267 676 ἔχετε
1281 639 1317 671 εἷς
1334 638 1364 666 τὸ
1378 638 1471 667 ἐσθίειν
1486 639 1530 667 καὶ
1544 638 1642 675 πίνειν;
1653 639 1671 674 ἢ
1685 641 1732 674 τῆς
1745 641 1794 668 ἐκ-

1028 682 1140 717 κλησίας
1164 686 1210 712 τοῦ
1235 685 1304 713 Θεοῦ
1327 689 1525 723 καταφρονεῖτε,
1546 684 1591 713 καὶ
1605 685 1794 724 καταισχύνετε

1028 727 1087 761 τοὺς
1104 728 1140 766 μὴ
1156 729 1277 768 ἔχοντας
1289 728 1370 769 Ὁρᾷς
1385 732 1441 763 πῶς
1464 730 1516 759 ἀπὸ
1536 733 1584 766 ἰ-ῆς
1604 733 1657 760 τῶν
1673 731 1792 767 πενήτων

1028 772 1125 813 ῧὸρεως
1137 775 1181 803 ἐπὶ
1195 774 1243 810 τὴν
1258 775 1399 810 ἐκκλησίαν
1415 775 1548 814 μετήγαγε
1565 776 1595 806 τὸ
1606 776 1741 815 ἔγκλημα,
1750 776 1793 806 ἵνα

1027 822 1217 860 φορτικώτερον
1231 822 1327 860 ποιήσῃ
1343 822 1387 851 τὸν
1401 822 1493 861 λόγον;
1506 821 1573 852 Ἰδοὺ
1595 823 1680 852 τοίνυν
1693 823 1739 852 καὶ
1755 835 1794 853 τε·

1025 867 1108 906 τάρτη
1124 868 1270 907 κατηγορία
1278 891 1285 904 ,
1295 868 1356 897 ὅταν
1368 868 1405 907 μὴ
1415 868 1525 904 πένητες
1536 869 1623 907 μόνον,
1635 870 1704 899 ἀλλὰ
1716 870 1761 899 καὶ
1772 873 1790 905 ἡ

1026 915 1152 949 ἐκκλησία
1164 915 1311 954 ὑδρίζηται,
1325 914 1430 955 ‘'sse-1:29
1443 915 1494 954 γὰρ
1507 916 1536 944 τὸ
1548 916 1670 956 κυριακὸν
1689 917 1790 946 δεῖπνον

1026 960 1156 989 ἰδιωτικὸν
1171 966 1253 993 ποιεῖς
1263 983 1270 995 ,
1282 960 1349 990 οὕτω
1364 974 1408 990 και
1419 962 1463 990 τὸν
1476 962 1555 991 τόπον
1563 963 1686 998 πάλιν,
1672 975 1708 996 ως
1720 963 1791 992 οἰκία

1026 1018 1058 1044 τῃ
1075 1007 1202 1045 ἐκκ7ησίᾳ
1213 1007 1382 1046 κεχρημένος.
1394 1008 1484 1037 Ἐκκὶ·
1479 1008 1542 1044 ησία
1552 1009 1603 1048 γὰρ
1618 1009 1732 1048 γέγονεν,
1743 1011 1793 1050 οὐχ

1028 1065 1069 1081 ινα
1088 1053 1241 1092 διῃρηιιένοι
1262 1066 1333 1091 ωμεν
1347 1056 1370 1082 οἱ
1386 1056 1461 1083 συνε)
1463 1055 1557 1091 Οόιτες,
1571 1056 1659 1084 ἄλλ’”
1648 1068 1688 1086 ινα
1699 1057 1748 1085 oi*
1735 1068 1792 1095 οιῃ-

1029 1111 1135 1137 ρημενιο
1153 1111 1272 1137 συνηαμε
1274 1112 1327 1128 νοι·
1348 1112 1392 1129 και
1406 1113 1481 1129 τουτο
1503 1104 1519 1137 ἦ
1541 1101 1645 1135 σύνοδος
1665 1102 1791 1132 δείκνυσι.

1027 1145 1079 1174 Καὶ
1089 1146 1278 1184 καταισχύνετε
1290 1146 1347 1178 τοὺς
1363 1146 1399 1184 μὴ
1416 1147 1532 1186 ἔχοντας.
1543 1148 1602 1176 Οὔκ
1613 1143 1684 1184 εἷπε,
1698 1148 1744 1177 καὶ
1752 1150 1792 1177 λι-

1029 1196 1176 1229 μοκτονεῐτε
1195 1191 1254 1224 τοὺς
1273 1191 1308 1229 μὴ
1323 1192 1445 1231 ἔχοντας,
1458 1192 1526 1221 ἀλλὰ
1540 1193 1606 1222 πολὺ
1621 1194 1792 1234 ἐντρεπτικώ-

1027 1249 1110 1277 τερον,
1133 1238 1342 1278 Καταισχύνετε,
1356 1238 1398 1267 ἵνα
1419 1239 1486 1278 δείξῃ
1509 1239 1548 1268 ὅτι
1567 1241 1596 1269 οὐ
1609 1243 1706 1280 τροφῆς
1720 1243 1792 1281 αὐτῷ

1025 1288 1146 1313 τοσοῦτον
1158 1284 1244 1322 μέλει,
1257 1285 1318 1314 ὅσον
1332 1288 1378 1320 τῆς
1393 1285 1491 1324 ὕὸρεως
1501 1289 1548 1321 τῆς
1569 1287 1604 1319 εἷς
1619 1286 1712 1320 αὐτοὺς
1723 1300 1792 1327 γινο-

1025 1329 1114 1367 μένης.
1139 1330 1206 1359 Ἰδοὺ
1231 1331 1276 1360 καὶ
1299 1331 1408 1369 πέμπτη
1423 1331 1582 1371 κατηγορία,
1597 1333 1627 1362 τὸ
1651 1333 1688 1372 μὴ
1712 1334 1790 1372 μόνον

1025 1379 1168 1409 πεινῶντας
1192 1382 1325 1417 περιορᾷν,
1347 1378 1414 1406 ἀλλὰ
1434 1378 1478 1406 καὶ
1495 1379 1679 1419 καταισχύνειν
1689 1381 1789 1414 αὐτούς.

1025 1422 1111 1451 Τοῦτο
1124 1422 1152 1451 δὲ
1167 1422 1263 1461 ἔλεγεν,
1277 1426 1342 1462 ὁμοῦ
1356 1424 1402 1461 μὲν
1417 1427 1579 1462 σεμνοποιῶν
1589 1425 1623 1454 τὰ
1646 1426 1715 1456 κατὰ
1729 1427 1790 1460 τοὺς

1024 1468 1150 1505 πένητας,
1163 1469 1208 1498 καὶ
1220 1470 1318 1502 δεικνὺς
1329 1470 1370 1499 ὅτι
1384 1472 1432 1509 οὐχ
1441 1471 1522 1504 οὕτως
1531 1471 1598 1512 ὑπὲρ
1606 1474 1653 1507 ἰἢς
1663 1474 1790 1513 γαστρὸς,

1023 1515 1059 1547 ὡς
1069 1514 1134 1553 ὑπὲρ
1147 1517 1194 1549 τῆς
1208 1515 1332 1555 αἰσχύνης
1342 1518 1474 1555 ἀλγοῧσιν,
1487 1519 1552 1552 ὁμοῦ
1565 1518 1592 1547 δὲ
1603 1519 1648 1547 καὶ
1663 1521 1700 1553 εἷς
1719 1519 1790 1550 ἔλεον

1023 1560 1205 1598 ἐπισπώμενος
1228 1561 1271 1590 τὸν
1300 1563 1442 1618 ἀκροατήν.
1457 1564 1583 1593 Τοσαῦτα
1603 1564 1690 1594 τοίνυν
1706 1566 1790 1600 δείξας

1023 1606 1056 1635 τὰ
1069 1607 1156 1635 ἄτοπα
1166 1607 1258 1646 ,ὕὸριν
1273 1609 1309 1640 εἰς
1322 1608 1352 1637 τὸ
1363 1609 1475 1646 δεῖπνον,
1489 1609 1564 1649 ὅὸριν
1578 1613 1615 1645 εἷς
1628 1611 1676 1648 τὴν
1694 1613 1790 1648 ἐκκλη-

1024 1652 1092 1688 σίαν,
1098 1652 1146 1687 τὴν
1159 1655 1194 1686 εἷς
1203 1653 1261 1686 τους
1268 1655 1400 1690 πένηταςὸ
1408 1655 1546 1694 γινομένην
1557 1657 1710 1697 ὑπεροψίαν,
1718 1659 1792 1699 χαλᾷ

1024 1698 1104 1727 πάλιν
1115 1711 1162 1734 της
1174 1700 1351 1738 ἐπιτιμησεως
1357 1701 1401 1730 τὸν
1411 1701 1483 1731 τόνον
1493 1702 1584 1741 ἀθρόον
1591 1703 1687 1742 λέγων·
1695 1705 1792 1734 Ἐπαι-

1023 1757 1049 1773 ν;
1053 1757 1090 1774 σω
1101 1747 1180 1783 huffe,
1196 1748 1221 1774 ἓν
1236 1746 1318 1775 τούτω
1333 1748 1379 1776 οὐκ
1400 1749 1508 1776 ἐπαινῶ.
1524 1748 1561 1778 Ὂ
1575 1750 1620 1778 καὶ
1631 1751 1778 1789 μάλιστα”
1760 1764 1792 1781 αν

1023 1803 1062 1823 τις
1077 1793 1155 1821 αὐτοῦ
1166 1793 1334 1831 Θαυμάσειεν,
1350 1806 1390 1822 οτι
1401 1794 1544 1830 ἔπιπληξαι
1554 1795 1609 1825 δέον
1621 1797 1791 1838 σφοδρότερον

1023 1836 1091 1874 μετὰ
1106 1837 1154 1873 τὴν
1168 1838 1298 1871 ἀπόδειξιν
1310 1842 1362 1868 τῶν
1377 1840 1504 1869 τοσούτων
1526 1842 1725 1882 ἁμαρτημάτων
1745 1856 1792 1873 και

1022 1883 1203 1922 καθάψασθαι,
1216 1885 1257 1912 ὖ“
1243 1896 1270 1912 οε
1281 1885 1428 1914 τούναντίον
1438 1891 1507 1915 ποιεῖ
1516 1888 1625 1924 μᾶλλον,
1641 1888 1730 1925 ἀνίησι
1745 1901 1791 1919 και

1023 1930 1183 1958 ἀναπνευσαι
1197 1930 1296 1959 δίοωσι.
1295 1924 1344 1958 ’Ἰί
1354 1933 1413 1959 ποτ’
1427 1935 1470 1960 οὖν
1482 1933 1538 1962 ἔστι
1545 1933 1575 1962 τὸ
1586 1934 1682 1970 αἴτιον;
1693 1937 1791 1975 Φορτι-

1022 1974 1135 2014 κώτερον
1152 1976 1237 2004 αὐτῶν
1260 1976 1396 2016 καθήψατο
1418 1977 1466 2012 τὴν
1485 1980 1646 2020 κατηγορίαν
1658 1981 1789 2018 αὐξήσας,

1021 2032 1066 2048 και
1077 2020 1165 2061 ἷατρος
1177 2020 1212 2049 ὧν
1226 2021 1332 2061 ἄριστος
1345 2025 1447 2052 καταλ)
1449 2024 1518 2059 ηλως
1529 2030 1582 2059 τοῖς
1595 2026 1729 2066 τραύμασι
1740 2028 1789 2064 τὴν

1021 2066 1104 2104 τομὴν
1124 2066 1230 2105 ἐπάγει,
1243 2067 1300 2096 οὔτε
1327 2068 1361 2096 τὰ
1388 2069 1493 2107 βαθείας
1517 2071 1626 2110 δεόμενα
1641 2074 1744 2112 πληγῆς
1761 2074 1788 2108 ἐξ

1021 2113 1149 2147 ἐπιπολῆς
1170 2112 1287 2151 τέμνων·
1302 2114 1416 2149 ἧκοῠσας
1437 2115 1488 2155 γὰρ
1504 2117 1582 2146 αὐτοῦ
1597 2120 1653 2152 πῶς
1677 2119 1721 2148 τὸν
1740 2132 1788 2149 πε-

1021 2159 1181 2199 πορνευκότα
1202 2162 1263 2198 παρ’
1285 2163 1369 2194 αὐτοῖς
1391 2162 1489 2196 τούτοις
1518 2164 1661 2204 ἀπέκοψεν·
1673 2165 1734 2195 οὔτε
1754 2167 1788 2197 τὰ

1020 2205 1233 2245 προσηνεστέρων
1248 2206 1379 2245 χρῄζοντα
1388 2206 1457 2237 1’τῶν
1469 2210 1614 2248 φαρμάκων
1623 2212 1722 2252 σιδήρῳ
1736 2224 1788 2242 πα-

1022 2254 1146 2293 ραδιδούς.
1171 2254 1223 2283 Διὰ
1246 2254 1277 2290 δὴ
1298 2259 1373 2286 τοῦτο
1394 2257 1439 2286 καὶ
1458 2260 1568 2288 ἐνταῦθα
1591 2260 1734 2300 πραότερον
1747 2263 1787 2301 τῷ

1019 2303 1088 2343 λόγῳ
1104 2303 1248 2343 κέχρηται·
1261 2304 1306 2333 καὶ
1324 2306 1410 2338 ἄλλως
1431 2306 1458 2335 δὲ
1476 2306 1589 2348 ἡμέρους
1612 2309 1703 2342 αὐτοὺς
1731 2310 1786 2348 μοί-

1019 2355 1098 2382 λιστα
1119 2354 1263 2383 ἐσπούδακε
1288 2358 1453 2391 καταστῆσαι
1475 2361 1529 2390 τοῖς
1547 2358 1656 2394 πένησι·
1679 2360 1719 2388 διὸ
1739 2360 1785 2389 καὶ

1028 2457 1121 2482 habent
1134 2467 1179 2490 pro
1191 2461 1286 2493 σιδήρῳ,
1298 2465 1323 2485 ct
1335 2468 1407 2493 supra
1420 2465 1512 2491 ἤκουσας
1523 2466 1582 2494 γοῦν.
1595 2463 1708 2495 Quorum
1721 2462 1782 2490 nihil

1028 2505 1078 2522 non
1090 2497 1183 2523 bonum
1196 2498 1261 2532 esu]
