1891 2866
479 163 510 186 {N
538 162 642 185 EmsT.
675 162 696 184 1.

36 237 115 261 κινον,
125 226 187 255 ὡσεὶ
200 226 267 265 ἔριον
280 226 405 254 λευκανῶ.
418 224 488 254 Οὐδὲ
499 224 551 263 γὰρ
561 223 639 260 οὐλὴν
652 225 703 252 τῶν
717 234 799 262 τραυ-

36 271 125 309 μάτων
138 272 229 311 ἀφίησι
244 270 356 311 φανῆναί
370 283 437 299 τινα.

75 318 154 346 Ἀλλὰ
175 318 223 346 κᾶν
238 319 274 349 εἷς
297 318 380 345 ἐκεῖνο
404 317 519 354 ἔλθωμεν
534 315 564 345 τὸ
581 315 658 354 βάθος
683 317 734 344 τῶν
754 327 802 344 κα·

35 366 98 399 κῶν,
116 366 152 397 εἷς
163 364 176 393 ὃ
189 363 331 392 κατέπεσεν
348 365 362 392 ὃ
378 363 411 392 τὰ
433 365 544 402 πατρῷα
564 362 743 399 κατεδηδοκὼς
757 363 802 392 καὶ

34 410 142 448 κεράτια
154 410 255 445 ἐσθίων,
279 410 324 438 καὶ
345 409 562 447 μετανοήσωμεν,
583 410 721 448 σωζόμεθα
735 408 802 438 πάν-

34 467 100 488 τως·
116 455 164 484 κᾶν
178 455 258 495 μύρια
278 454 394 484 τάλαντα
408 455 567 494 ὀφείλωμεν,
580 455 624 484 καὶ
647 454 804 495 προσπέσω-

36 513 83 539 μεν
102 501 146 530 καὶ
168 501 204 539 μὴ
228 501 479 540 μνησικακήσιιψεν,
493 501 581 530 πάντα
602 504 665 540 ἡμῖν
681 501 803 540 ἀφίεται·

35 546 83 576 κᾶν
95 548 179 577 ἐκεῖσε
199 549 438 586 ἀποπλανηθῶμεν,
450 543 480 576 οῧ
499 547 528 576 τὸ
549 547 679 586 πρόὸατον
695 547 805 576 ἀπεόου-

35 594 149 630 κολήθη,
169 596 288 623 κάκεῖθεν
308 596 379 632 ἡμᾶς
398 595 544 622 ἁνακτᾶται
557 605 562 611 ·
579 593 656 631 μόνον
675 595 806 632 βουληθῶ-

34 652 92 678 μεν,
105 641 248 678 ἀγαπητοί·
265 641 446 680 φιλάνθρωπος
467 640 518 679 γὰρ
533 642 546 669 ὁ
562 640 638 673 Θεός.
653 640 706 669 Διὰ
729 643 805 669 τοῦτο

33 686 79 714 καὶ
93 686 136 715 ἐπὶ
148 690 194 715 τοῦ
211 687 245 715 τὰ
261 686 342 726 μύρια
356 687 472 715 τάλαντα
493 686 639 724 ὀφείλοντος
660 687 693 724 τῇ
719 697 805 725 προσ*

33 732 132 762 πτώσει
144 734 264 772 ἠρκεῖτο,
281 733 326 762 καὶ
341 733 384 762 ἐπὶ
397 736 442 761 τοῦ
457 732 489 761 τὰ
502 735 613 772 πατρῷα
627 731 804 766 κατεδηδοκό-

32 791 75 811 τος
86 781 118 818 τῇ
131 779 248 819 ἐπανόόῳ
265 779 330 819 μόνῃ
339 803 346 815 ,
358 779 402 808 καὶ
414 779 457 808 ἐπὶ
469 781 513 807 τοῦ
526 778 658 816 προὲάτου
682 780 719 817 τῷ
743 780 805 816 βου-

31 825 144 859 ληθῆναι
163 827 354 865 βασταχθῆναι.
365 825 554 859 Ἐν-ιοήσαντες
564 824 649 853 τοίνυν
660 824 690 852 τὸ
698 823 805 862 μέγεθος

34 871 112 898 αὐτοῦ
124 872 172 905 τῆς
186 871 395 911 φιλανθρωπίας,
419 873 531 900 ἐνταῦθα
554 870 629 899 αὐτὸν
651 869 804 907 ποιήσωμεν

33 916 110 945 ἵλεων
122 919 184 954 ἡμῖν
190 939 198 953 ,
214 917 259 946 καὶ
273 917 465 957 προφθάσωμεν
476 916 506 945 τὸ
521 915 661 955 πρόσωπον
678 917 755 943 αὐτοῦ
778 916 804 943 ἐν

32 962 228 1002 ἐξομολογήσει,
242 962 285 991 ἵνα
299 963 336 1000 μὴ
357 962 512 994 ἀπελθόντες
528 963 645 990 ἐντεῦθεν
669 960 803 989 ἀναπολό-

33 1021 126 1048 γητοι,
142 1008 189 1044 τὴν
204 1009 318 1048 ἐσχάτην
335 1009 516 1046 ὑπομείνωμεν
538 1006 678 1046 τιμωρίαν.
695 1006 741 1036 Ἂν
755 1005 803 1044 μὲν

35 1054 86 1094 γὰρ
107 1054 175 1083 κατὰ
189 1055 240 1091 ζτὸν
255 1055 373 1094 παρόντα
402 1054 457 1093 βίον
475 1053 662 1091 ἐπιδειξώμεθα
687 1051 803 1087 σπουδὴν

34 1100 83 1129 κᾶν
97 1100 144 1136 τὴν
160 1105 301 1140 τυχοῦσαν,
322 1101 355 1130 τὰ
379 1100 492 1140 μέγιστα
515 1101 705 1139 κερδανοῦμεν·
727 1099 758 1127 ἂν
776 1099 803 1127 δὲ

35 1146 116 1185 μηδὲν
131 1148 242 1177 ἐνταῦθα
267 1147 402 1186 γενόμενοι
422 1146 538 1186 βελτίους
566 1146 739 1184 ἀπέλθωμεν,
753 1145 802 1174 κᾶν

35 1193 205 1234 σφοδρότερον
235 1197 289 1224 ἐκεῖ
309 1194 527 1232 μετανοήσωμεν,
547 1193 620 1223 οὐδὲν
641 1195 705 1231 ἡμῖν
729 1191 803 1221 ἔσται

35 1239 124 1269 πλέον.
145 1239 199 1269 Καὶ
220 1239 271 1280 γὰρ
285 1239 337 1269 ἔδει
351 1242 402 1269 τῶν
425 1239 591 1278 σκαμμοίτων
607 1238 669 1268 εἴσω
692 1238 803 1276 μένοντα

35 1285 230 1324 ἀγωνίσασθαι,
241 1288 270 1315 οὖ
285 1286 353 1324 μετὰ
364 1286 394 1315 τὸ
413 1287 522 1321 λυθῆναι
542 1284 572 1314 τὸ
587 1283 695 1323 θέατρον
709 1283 804 1312 ἀποδύ-

36 1334 126 1370 ρεσθαι
137 1332 182 1361 καὶ
195 1332 315 1371 δακρύειν
332 1331 457 1367 ἀνόνητα·
470 1331 535 1371 ὅπερ
550 1333 564 1360 ὃ
573 1330 698 1363 πλούσιος
707 1331 804 1362 ἐκεῖνος

728 161 770 183 ΑΙ)
801 162 876 184 COR.

908 161 1025 184 uomL.
1060 162 1156 184 xxiu.
1532 152 1597 195 2:33

845 224 969 264 suerint
990 230 1020 252 ut
1035 226 1195 260 coccinum,
1209 230 1239 252 ut
1257 224 1360 252 lanam
1374 224 1529 252 dealbabo.
1544 225 1599 252 Ne-

854 280 906 309 que
913 269 984 299 enim
993 270 1036 299 vel
1059 270 1209 300 cicatricem
1222 270 1364 299 vulnerum
1383 271 1445 299 sinit
1460 282 1598 310 apparere.

895 317 922 345 5.
938 316 993 346 Sed
1011 317 1114 345 etiamsi
1134 317 1284 345 venerimus
1310 317 1336 345 in
1350 316 1418 345 illud
1432 318 1599 356 profundum

857 362 1004 399 malorum,
1020 363 1047 391 in
1069 362 1141 401 quod
1161 362 1256 392 incidit
1280 362 1302 391 is
1323 363 1369 401 qui
1394 370 1502 402 paterna
1530 364 1598 393 bona

855 408 946 437 exedit
962 415 988 437 et
1003 408 1108 447 siliquis
1123 409 1289 443 vescebatur,
1301 415 1326 438 et
1340 408 1524 448 poenitentiam
1539 420 1599 447 ege-

856 455 956 493 rimus,
970 455 1078 484 omnino
1097 455 1166 484 salvi
1178 455 1277 484 crimus
1290 467 1295 482 :
1314 455 1416 483 etiamsi
1434 454 1525 484 decem
1538 456 1599 484 mil-

856 501 893 530 lia
906 502 1004 530 talenta
1017 501 1172 537 debeamus,
1187 509 1212 530 et
1227 501 1411 541 procidamus,
1425 501 1600 541 iujuriarum—

822 559 842 582 Ι)
857 558 908 586 que
925 548 1081 577 memoriam
1102 548 1286 588 deponamus,
1303 548 1391 577 onmia
1409 548 1487 577 nobis
1512 549 1604 577 remit—

857 600 969 622 tuntur:
985 593 1087 623 etiamsi
1106 593 1163 622 illie
1187 594 1412 632 aberraverimus,
1428 594 1475 622 ubi
1492 595 1550 623 ovis
1564 595 1600 622 ab

858 639 925 668 ovili
937 640 1080 676 aberravit,
1092 639 1154 669 inde
1163 640 1209 668 ille
1223 651 1270 669 nos
1277 640 1382 669 reducit
1395 662 1404 678 ,
1422 641 1445 669 si
1459 640 1539 669 modo
1551 651 1602 669 ve-

858 685 1049 723 limus,dilecti
1066 698 1072 714 :
1085 686 1217 725 benignus
1228 686 1299 714 enim
1310 693 1348 715 est
1359 685 1512 715 Deus.Ideo
1523 686 1604 716 etiam

858 733 922 761 satis
950 733 990 761 illi
1009 733 1077 768 suit,
1096 732 1167 771 quod
1186 732 1208 762 is
1225 732 1271 771 qui
1292 732 1384 762 decem
1399 732 1487 762 millia
1506 733 1604 762 talenta

859 778 980 815 debebat,
992 786 1052 807 aute
1071 789 1099 807 se
1114 778 1339 818 procumbet-eret,
1356 786 1382 807 et
1396 779 1470 817 quod
1488 779 1536 818 qui
1558 790 1604 819 pa-

858 833 931 854 terna
956 826 1025 854 bona
1055 826 1221 854 absumserat
1233 848 1242 863 ,
1257 826 1344 855 solum
1369 833 1546 854 reverteretur
1558 849 1566 860 ,
1580 834 1605 854 et

857 871 931 909 quod
950 882 1040 900 errans
1061 872 1120 900 ovis
1133 872 1233 911 portari
1254 872 1342 900 vellet.
1355 871 1508 910 Cogitantes
1522 872 1605 911 igitur

857 917 1029 956 benignitatis
1051 918 1108 957 ejus
1120 918 1334 956 magnitudinem
1345 941 1352 954 ,
1364 918 1408 946 hic
1425 918 1503 946 illum
1526 918 1604 946 uobis

857 964 1006 1003 propitium
1032 964 1193 997 reddamus,
1214 971 1240 992 et
1266 975 1482 1004 praeoccupemus
1510 964 1604 993 faciem

856 1010 915 1049 ejus
927 1010 954 1039 in
963 1010 1135 1047 confessione,
1144 1017 1176 1038 ut
1188 1021 1220 1038 ne
1229 1010 1293 1039 hinc
1303 1010 1431 1038 abeuntes
1445 1010 1503 1038 sinc
1512 1009 1605 1038 defen-

855 1056 938 1093 sione,
959 1063 1109 1084 extsemum
1129 1056 1272 1084 subeamus
1297 1055 1472 1096 supplicium.
1485 1056 1515 1084 Si
1532 1056 1605 1084 enim

854 1102 882 1132 in
894 1102 1016 1142 praesenti
1033 1102 1090 1131 vita
1105 1102 1330 1141 qualemcumque
1344 1102 1524 1130 adhibeamus
1535 1102 1601 1130 dili-

856 1149 983 1188 gentiam,
1000 1148 1119 1177 maxima
1135 1148 1303 1177 lucrabimur
1317 1159 1323 1175 :
1337 1148 1360 1176 si
1376 1155 1465 1176 autem
1479 1159 1532 1178 non
1547 1160 1602 1178 me·
1624 1156 1754 1205 Paion-*uua

1611 1195 1633 1207 ιι]
1659 1195 1690 1207 mc
1707 1193 1755 1207 tau-

854 1195 934 1224 liores
943 1195 1031 1224 effecti
1041 1195 1258 1231 abscesserimus,
1275 1193 1381 1222 etiamsi
1394 1194 1451 1222 illie
1462 1195 1602 1224 vehemen-

856 1242 876 1271 ti
903 1241 1059 1281 poenitentia
1092 1241 1242 1276 ducamur,
1270 1240 1340 1269 nihil
1367 1241 1445 1270 nobis
1473 1241 1601 1281 proderit.
1611 1250 1710 1278 prodest.

855 1288 1005 1327 Oportebat
1023 1286 1096 1316 enim
1115 1287 1185 1316 intra
1205 1294 1279 1326 septa
1293 1293 1445 1316 manentem
1459 1287 1604 1325 decertare,

855 1345 908 1363 non
928 1341 1017 1363 autem
1039 1340 1180 1373 postquam
1202 1333 1321 1362 solutum
1338 1333 1390 1362 suit
1410 1334 1546 1363 theatrum
1566 1335 1605 1363 la-

35 1377 130 1415 ἐποίει,
141 1380 242 1417 θρηνῶν
258 1378 304 1417 μὲν
319 1378 364 1407 καὶ
381 1377 583 1418 ὀλοφυρόμενος,
597 1377 654 1416 εἷκῇ
667 1375 694 1405 δὲ
712 1376 803 1405 λοιπὸν
811 1398 847 1416 203
855 1380 969 1409 mentari
980 1387 1004 1409 et
1016 1380 1235 1409 ssereinutiliter:
1247 1379 1320 1418 quod
1329 1379 1406 1409 dives
1419 1380 1466 1409 ille
1479 1381 1604 1417 faciebat,

34 1423 80 1452 καὶ
94 1423 191 1462 μάτην,
212 1423 303 1460 ἕπε’-δὴ
324 1424 368 1453 τὸν
391 1423 496 1464 ’‘w-PBH
507 1424 566 1452 καθ’
581 1422 608 1452 ὃν
623 1426 706 1452 ταῧῒα
722 1422 802 1461 ἕχρῆν
819 1426 838 1448 Α
855 1428 1003 1456 lamentans
1017 1433 1043 1456 et
1059 1427 1174 1466 ejulans,
1187 1426 1235 1455 sed
1243 1427 1301 1466 jam
1313 1427 1412 1456 [mstra
1425 1434 1450 1456 et
1460 1427 1604 1463 incassum,

34 1474 129 1505 ποιεῖν,
151 1472 292 1510 ὑπερεῖδεν.
312 1472 370 1500 Οὔκ
391 1472 488 1504 ἐκεῖνος
509 1470 536 1500 δὲ
553 1470 646 1509 μόνος,
671 1469 740 1498 ἀλλὰ
758 1469 803 1498 καὶ

35 1516 128 1546 πολλοὶ
144 1517 228 1557 ἕτεροι
245 1519 302 1547 κατ’
316 1519 411 1547 ἐκεῖνον
423 1520 467 1546 νῦν
481 1519 532 1546 εἶσι
545 1515 666 1545 πλούσιοι
677 1538 685 1551 ,
699 1515 805 1555 χρημά-

36 1575 89 1593 των
111 1563 158 1604 μὲν
171 1566 200 1593 οὗ
215 1564 368 1603 βουλόμενοι
388 1567 572 1603 καταφρονεῖν,
589 1563 678 1601 ψυχῆς
699 1562 726 1591 δὲ
747 1562 804 1590 ἀντὶ

36 1610 183 1650 χρημάτων
209 1612 429 1650 καταφρονοῦντες
439 1622 445 1628 ·
472 1609 515 1643 οὒς
543 1609 633 1648 ἔμοιγε
663 1608 804 1647 θαυμάζειν

35 1658 145 1694 ἔπεισιν,
163 1657 225 1686 ὅταν
248 1657 297 1686 ἴδω
324 1658 362 1696 τῷ
392 1656 439 1695 μὲν
461 1657 524 1695 Θεῷ
551 1655 612 1694 περὶ
635 1654 706 1684 ἐλέου
729 1666 804 1684 συνε-

36 1706 90 1743 χῶς
115 1703 338 1743 ἐντυγχάνοντας,
366 1702 457 1735 αὐτοὺς
483 1702 511 1732 δὲ
532 1701 565 1731 τὰ
589 1702 720 1737 ἀνήκεστα
746 1702 805 1729 ἑαυ-

36 1749 95 1783 τοὺς
117 1750 290 1786 διατιθέντας,
312 1748 358 1778 καὶ
383 1748 474 1788 ὥσπερ
493 1748 642 1787 πολεμίας,
667 1747 736 1777 οὕτω
758 1749 806 1783 τῆς

35 1797 135 1825 ἑαυτῶν
149 1797 318 1836 ἀῖειόοῧντας
332 1798 428 1835 ψυχῆς.
449 1795 495 1830 Μὴ
517 1795 548 1830 δὴ
571 1794 722 1832 παίζωμεν,
739 1796 804 1833 ἀγα-

35 1843 114 1879 πητοὶ
125 1864 133 1878 ,
147 1842 184 1880 μὴ
195 1842 340 1881 παίζωμεν,
359 1842 426 1880 μηδὲ
436 1841 675 1881 παραλογιζώμεθα
688 1840 803 1875 ἑαυτοὺς,

35 1889 79 1918 τὸν
89 1888 136 1928 μὲν
153 1889 221 1918 Θεὸν
241 1888 371 1922 ἀξιοῦντες
391 1890 462 1926 ἡμᾶς
486 1889 607 1923 ἐλεῆσαι,
629 1886 703 1916 αὗτοὶ
717 1886 744 1915 δὲ
759 1889 804 1915 τοῦ

36 1933 108 1963 ἐλέου
134 1933 225 1963 τούτου
249 1932 293 1962 καὶ
313 1932 442 1972 χρήματα
465 1932 511 1960 καὶ
528 1931 627 1971 τρυφὴν
646 1931 692 1960 καὶ
716 1930 804 1959 πάντα

37 1979 126 2013 ἁπλῶς
140 1979 312 2019 προτιθέντες.
331 1978 400 2008 Οὐδὲ
414 1978 476 2018 γὰρ,
487 1978 511 2007 εἴ
524 1978 563 2011 τίς
576 1990 618 2007 σοι
635 1977 711 2012 δίκην
722 1988 803 2016 προσ-

37 2027 98 2064 ῆγε,
113 2025 158 2054 καὶ
175 2028 328 2065 κατηγορῶν
348 2027 392 2054 τοῦ
416 2025 496 2058 δεῖνος
512 2024 610 2063 ἔλεγεν,
632 2023 674 2054 ὅτι
698 2022 803 2062 μυρίους

36 2071 139 2110 μέλλων
154 2072 292 2110 ὑπομένειν
305 2071 442 2107 θανάτους,
456 2071 501 2100 καὶ
509 2070 597 2110 κύριος
611 2070 646 2099 ὢν
662 2071 741 2099 λῦσαι
756 2069 803 2103 τὰς

36 2118 138 2158 ψήφους
156 2119 289 2158 χρήμασιν
311 2117 424 2155 ὀλίγοις,
442 2116 526 2146 εἵλετο
541 2118 641 2155 μᾶλλον
654 2119 802 2150 ἀποθανεῖν,

35 2165 54 2200 ἤ
66 2177 91 2194 τι
104 2167 155 2194 τῶν
176 2167 254 2194 αὔτοῧ
274 2164 414 2203 προέσθαι,
431 2162 503 2193 ἐλέου
527 2163 595 2196 τινὸς
614 2161 631 2197 ἢ
647 2161 804 2202 συγγνώμης

35 2211 99 2250 ἔφης
117 2211 193 2240 αὐτὸν
210 2210 281 2244 ἄξιον
296 2205 370 2239 εἶναι.
386 2210 471 2239 Τοῦτο
491 2209 576 2238 τοίνυν
590 2209 635 2238 καὶ
650 2208 694 2238 ἐπὶ
708 2211 802 2238 σαυτοῦ

35 2257 152 2297 λογίζου·
169 2258 214 2286 καὶ
228 2257 279 2296 γὰρ
295 2256 340 2285 καὶ
355 2259 431 2294 ἡμεῖς
446 2258 523 2284 τοῦτο
537 2257 675 2293 ποιοῦμεν,
689 2254 735 2283 καὶ
757 2257 804 2290 τῆς

35 2303 169 2344 σωτηρίας
182 2305 261 2342 ἡμῶν
274 2304 509 2342 καταφρονοῦντες,
525 2303 575 2330 τῶν
586 2301 732 2341 χρημάτων
749 2312 803 2340 φει-

36 2355 142 2393 δόμεθα.
157 2357 220 2388 Πῶς
238 2350 282 2384 οἷν
300 2355 344 2384 τὸν
356 2354 423 2384 Θεὸν
437 2353 517 2387 ἀξιοῖς
535 2365 580 2382 σου
591 2351 747 2392 φείσασθαι,
758 2353 803 2381 αὖ·

37 2405 80 2438 τὸς
96 2409 190 2435 σαυτοῦ
202 2405 283 2438 οὕτως
306 2405 428 2444 ἀφειδῶν,
452 2404 497 2433 καὶ
520 2404 649 2444 χρήματα
667 2405 803 2443 προτιμῶν

37 2457 132 2494 ψυχῆς.
149 2456 196 2485 Διὸ
217 2456 262 2485 καὶ
288 2455 388 2495 σφόδρα
414 2454 638 2494 ·’ἐκπε’πληγμαι,
656 2454 726 2489 πόση
751 2457 804 2487 τοῖς

71 2561 80 2571 ¹
98 2551 105 2585 [
118 2555 270 2584 ἐντὶὴττσμαε
283 2552 310 2576 Α.
325 2553 363 2583 U]

859 1474 922 1513 quia
943 1481 1049 1513 tempus
1072 1473 1144 1502 illud
1168 1473 1337 1513 despererat,
1362 1484 1414 1512 quo
1439 1474 1495 1503 haec
1521 1475 1606 1504 facere

856 1521 986 1560 oportuit.
1010 1521 1071 1549 Non
1092 1520 1138 1548 ille
1154 1527 1246 1548 autem
1272 1520 1361 1557 solus,
1384 1520 1431 1549 sed
1453 1521 1533 1549 multi
1557 1522 1606 1550 alii

853 1569 910 1607 jam
924 1573 985 1596 sunt
1006 1565 1104 1594 divites
1125 1565 1177 1605 ipsi
1192 1566 1294 1594 similes
1306 1589 1316 1601 ‚
1333 1566 1380 1605 qui
1398 1567 1524 1606 pecunias
1543 1568 1605 1606 qui—

855 1612 918 1641 dem
934 1612 1070 1651 despicere
1088 1611 1199 1647 nolunt,
1211 1611 1260 1640 sed
1278 1611 1336 1640 loco
1358 1612 1532 1651 pecuniarum
1547 1613 1605 1642 ani-

857 1670 930 1688 mam
948 1657 1098 1698 despiciunt
1112 1669 1118 1685 :
1131 1657 1205 1696 quod
1234 1657 1328 1686 mirari
1351 1658 1424 1687 subit
1449 1659 1528 1695 mihi,
1543 1670 1604 1689 cum

857 1705 936 1734 rideo
960 1704 1022 1733 illos
1038 1703 1089 1732 Dei
1115 1703 1328 1732 misericordiam
1351 1712 1500 1744 precantes,
1515 1713 1541 1735 et
1567 1706 1603 1735 ita

857 1752 965 1780 affectos
975 1761 1038 1790 erga
1050 1750 1151 1790 seipsos
1162 1757 1192 1778 ut
1201 1750 1362 1779 incurabiles
1375 1751 1438 1786 sint,
1455 1752 1605 1791 animaeque

857 1808 911 1826 suae
935 1803 1074 1835 tamquam
1095 1796 1209 1824 inimicae
1229 1807 1281 1824 non
1303 1804 1447 1836 parcentes.
1463 1799 1504 1827 Ne
1521 1798 1603 1827 luda-

857 1854 926 1879 mus,
940 1854 956 1872 ο
969 1842 1072 1879 dilecti,
1084 1853 1117 1871 ne
1130 1842 1268 1880 ludamus,
1278 1853 1362 1881 neque
1371 1854 1418 1872 nos
1432 1844 1504 1884 ipsos
1511 1845 1602 1885 despi-

857 1889 967 1926 ciamus,
977 1889 1043 1918 dum
1058 1899 1184 1928 rogamus
1194 1889 1282 1917 Deum
1295 1896 1324 1917 ut
1333 1890 1416 1918 nostri
1427 1890 1601 1929 {misere-atur,

856 1943 881 1965 et
902 1934 1091 1965 misericordia:
1109 1935 1165 1974 ejus
1186 1934 1328 1974 pecunias,
1346 1934 1456 1965 delicias
1472 1944 1498 1965 et
1514 1938 1603 1967 omnia

859 1982 1055 2022 anteponimus.
1068 1982 1159 2019 Neque
1170 1982 1250 2017 enim,
1262 1981 1351 2020 siquis
1360 1982 1411 2011 tibi
1425 1982 1513 2012 dicam
1523 1985 1603 2013 osfer-

856 2036 906 2064 mt,
918 2036 944 2058 et
954 2028 1110 2067 quempiam
1125 2038 1250 2056 accusans
1266 2027 1376 2066 diceret,
1384 2029 1457 2067 quod
1471 2041 1532 2059 cum
1542 2031 1602 2059 mil<

856 2078 881 2106 le
895 2083 992 2106 mortes
1015 2083 1082 2105 essct
1104 2076 1244 2105 subiturus
1259 2084 1284 2105 et
1300 2084 1387 2116 posset
1400 2077 1504 2107 modica
1521 2090 1602 2118 pecu-

856 2124 900 2152 nia
919 2134 974 2152 sese
991 2122 1131 2158 redimere,
1151 2123 1289 2152 maluisset
1305 2124 1374 2153 mori
1397 2135 1478 2163 quam
1497 2125 1602 2164 aliquid

855 2181 891 2200 ex
913 2170 968 2199 suis
992 2180 1152 2207 numerare5
1167 2170 1350 2200 misericordia
1364 2179 1411 2200 aut
1427 2173 1505 2201 venia
1521 2173 1600 2202 illum

855 2228 911 2246 esse
921 2216 1035 2255 dignum
1045 2216 1155 2245 diceres.
1164 2217 1220 2245 lloc
1236 2227 1299 2255 ergo
1310 2224 1336 2246 et
1349 2217 1383 2247 de
1394 2219 1477 2258 teipso
1491 2227 1598 2259 reputa:

857 2275 919 2294 nam
940 2275 988 2293 nos
1013 2274 1118 2302 quoque
1144 2264 1194 2292 hoc
1216 2264 1339 2300 facimus,
1366 2273 1392 2294 ct
1417 2266 1530 2295 salutem
1554 2277 1601 2296 no-

857 2319 939 2341 stram
953 2311 1144 2351 despicientes,
1154 2311 1275 2350 pecuniis
1298 2313 1442 2351 parcimus.
1458 2314 1602 2350 Quomodo

856 2369 920 2397 ergo
932 2360 1020 2387 Deum
1035 2358 1152 2397 precaris
1172 2365 1201 2386 ut
1223 2358 1272 2386 tibi
1292 2366 1396 2398 parcat,
1412 2370 1474 2390 cum
1495 2369 1524 2390 tu
1545 2362 1602 2402 ipse.

857 2406 907 2434 tibi
934 2416 985 2434 non
1005 2415 1107 2444 parcas,
1122 2411 1147 2432 et
1173 2404 1269 2433 animae
1297 2406 1424 2445 pecunias
1450 2409 1574 2447 praeferas
1586 2410 1600 2437 .³

822 2459 840 2483 C
858 2452 991 2489 Quocirca
1013 2450 1159 2481 admodum
1173 2451 1331 2491 obstupesco
1348 2454 1477 2493 cogitans,
1493 2463 1600 2494 quantae
