1906 2866
279 174 349 220 672
632 186 661 208 S.
689 186 828 208 JOANMS
856 186 1035 208 CllRYSOS'r.
1065 186 1219 208 :tantumn
1249 184 1515 207 CONSTANTINOP-

279 247 305 275 iu
322 244 485 285 effringenda
498 251 571 285 petra
582 246 632 274 Dei
643 246 745 274 auxilio
758 246 884 283 indigere,
897 245 1011 273 miracu-

278 293 355 330 laque
370 303 399 321 ea
414 303 464 320 nou
482 291 603 319 humanae
621 299 729 326 natium,
744 292 789 320 sed
805 291 905 320 divina*
922 298 1013 329 poten-

279 338 322 367 tia‘,
339 338 454 366 adscribi
476 337 580 366 debore.
601 339 677 366 Nino
699 349 812 375 quoque,
833 337 854 365 si
879 336 1012 374 quispiam

280 394 375 422 parum
394 383 484 411 utilem
500 384 655 412 sententiam
673 383 784 415 dixerit,
800 389 891 419 surgat
908 382 1014 409 alterae

279 428 415 467 loquatur.
437 429 516 463 Quod
537 429 558 457 si
575 429 698 467 quamvis
721 428 829 456 inferior
850 428 894 461 sit,
913 425 1015 464 aliquid

280 482 368 503 tamen
391 475 465 513 quod
487 486 519 503 ex
544 486 593 502 usu
615 475 649 502 sit
672 474 754 510 (licat,
773 473 929 501 sententiam
945 471 1018 499 illius

281 522 435 560 comproba,
451 532 497 550 nec
511 531 571 549 enm
586 519 731 558 quamlibet
746 519 880 557 abjectum
895 528 1018 556 asperne-

153 574 224 594 Moses
234 580 272 593 cur
283 567 329 595 ris.
345 568 435 604 Neque
448 567 518 595 enim
533 566 675 603 quisquam
689 564 785 592 horum
801 571 854 591 tam
865 574 879 590 a
895 563 1018 601 proximo

130 604 209 625 qunm
239 612 274 638 ⁵“T'
284 624 331 641 suo
347 612 436 647 distat,
459 622 539 649 quaxn
562 620 634 638 socer
655 610 700 637 ille
717 620 732 637 a
756 619 851 647 genero
871 610 955 643 Mose,
973 608 1018 646 qui

128 666 184 685 imm
202 667 274 686 admi-
285 665 371 687 tamen
384 667 532 686 sermonem
544 656 628 694 ipsius
643 655 753 683 minime
765 654 913 690 fastidivit;
925 665 1019 683 verum

1072 246 1206 279 λεύοντας,
1226 245 1273 272 κᾶν
1289 247 1340 273 τῶν
1356 244 1508 284 ἀρχομένων
1522 256 1561 276 τις
1573 240 1604 283 ᾗ,
1626 244 1673 272 κᾶν
1688 247 1739 273 τῶν
1760 246 1836 273 εὖτε-

1072 292 1135 325 λίῦν,
1162 290 1227 327 μηδὲ
1251 290 1317 329 ἅπερ
1343 289 1372 318 ἂν
1399 293 1475 328 ἡμεῖς
1499 289 1729 329 ςεῖο-ηγησώμεθα,
1755 293 1837 318 ταῦτα

1073 336 1176 368 πάντως
1195 340 1299 374 κρατεῖν
1321 335 1446 374 ἀξιῶμεν·
1467 337 1524 364 ἀλλ’
1540 336 1606 375 ἅπερ
1622 336 1651 363 ἂν
1673 335 1837 375 συμφέροντα

1074 384 1141 419 φανῇ
1151 403 1158 415 ,
1169 385 1251 410 ταῦτα
1262 381 1334 420 παρὰ
1346 382 1450 410 πάντων
1462 381 1604 421 κυρούσΟω.
1617 381 1715 410 Πολλοὶ
1725 381 1774 420 γὰρ
1786 383 1837 409 τῶν

1076 427 1298 464 ἀμῧλυωττόντων
1324 427 1411 455 πολλὰ
1434 428 1548 456 συνεῖδον
1575 428 1673 465 μᾶλλον
1694 426 1759 465 ὑπὲρ
1781 425 1839 459 τοὺς

1074 472 1116 505 ὀξὺ
1130 473 1285 511 βλέποντας,
1310 473 1352 502 διὰ
1374 473 1403 501 τὸ
1424 473 1578 505 σπουδάζειν
1594 472 1639 500 καὶ
1658 471 1839 501 συντετάσθαι.

1075 519 1151 553 Μηδὲ
1162 520 1221 557 λέγε
1231 543 1238 554 ,
1249 519 1274 547 τί
1287 531 1318 556 με
1330 520 1418 552 καλεῖς
1430 520 1464 552 εἷς
1477 518 1637 557 συμὸουλὴν,
1653 519 1675 546 εἰ
1688 517 1724 555 μὴ
1737 517 1839 550 ἀκούεις

1076 564 1186 602 ὃλέγιι>;
1209 567 1255 594 οὐκ
1275 566 1330 595 ἔστι
1345 564 1492 603 συμίὶούλοι)
1513 564 1589 592 ταυτὶ
1610 563 1643 592 τὰ
1666 562 1837 601 ἐγκλήματα,

1077 611 1144 638 ἀλλὰ
1159 611 1293 651 τυράννου.
1312 611 1345 639 ‘0
1368 611 1419 649 γὰρ
1444 609 1598 647 σύμὲουλος,
1620 610 1700 637 εἰπεῖν
1723 608 1756 637 τὰ
1776 608 1840 646 παρ’

1078 658 1155 685 αὐτοῦ
1170 657 1257 697 κύριός
1274 659 1329 686 ἐστι
1345 657 1435 695 μόνον·
1451 656 1480 684 ἂν
1496 656 1522 684 δὲ
1535 655 1580 683 καὶ
1599 655 1684 693 ἕτερον
1707 653 1840 683 λυσιτελέ-

129 637 174 655 aeri
202 642 273 655 cons·-

129 698 191 716 ⁸⁰¹³¹⁴
284 712 309 732 et
324 704 465 732 consilinm
479 702 582 740 excepit
597 701 673 738 eique
687 701 786 739 paruit,
803 707 828 728 et
845 700 929 728 literis
952 710 1019 738 quo-

283 760 334 787 que
349 748 496 783 mandavit,
507 757 554 775 nec
567 745 698 785 ejusmodi
710 757 766 774 rem
779 746 896 774 historia]
907 745 1020 785 prodere

280 794 398 829 erubuit,
409 801 438 821 ut
449 793 596 821 multorum
609 792 750 820 hominum
763 793 861 820 fastum
874 791 1018 831 dejiceret:

280 841 314 869 ob
326 840 408 877 idque
417 840 473 867 haec
483 846 619 877 tamquam
631 838 658 866 in
668 838 747 877 cippo
757 838 890 877 insculpta
901 838 1019 876 reliquit,

281 883 353 921 quod
366 883 458 912 multis
474 883 543 911 hanc
558 881 699 910 historiam
714 882 825 910 utilitati
837 883 892 910 sore
907 893 1019 922 perspe-

281 936 353 958 ctum
375 929 492 957 liaberet.
503 930 542 957 'Ne
555 938 618 966 ergo
635 938 677 956 eos
690 928 737 965 qui
751 928 853 966 optima
873 928 921 956 dat
935 928 1021 956 consi-

280 975 327 1011 lia,
340 975 443 1004 etiamsi
458 985 491 1003 ex
505 973 674 1002 subditorum
690 984 800 1002 numero
811 974 864 1002 sint
879 981 903 1002 et
913 974 1021 1013 abjectae

280 1021 368 1055 sortis,
392 1027 601 1054 contemnamus,
619 1030 666 1048 nec
682 1030 739 1057 quae
755 1019 805 1058 ipsi
829 1020 1020 1056 censuerimus,

280 1078 310 1096 ca
325 1078 432 1106 prorsus
452 1067 571 1095 obtinere
587 1066 702 1095 velimus
712 1077 720 1102 5
734 1076 828 1094 verum
851 1072 879 1094 ut
900 1076 945 1102 ea,
962 1077 1021 1104 quae

282 1113 359 1141 utilia
374 1113 431 1142 visa
446 1112 555 1148 fuerint,
575 1112 696 1140 omnium
718 1111 828 1140 calculis
849 1112 1023 1151 comproben-

281 1166 336 1188 tur.
353 1159 477 1197 Plerique
504 1158 575 1187 enim
598 1158 795 1186 caecutientium
820 1158 903 1187 multa
926 1158 1024 1187 clarius

281 1212 487 1245 perspexerunt,
511 1215 591 1242 qnam
615 1204 662 1242 qui
685 1211 762 1232 acute
780 1204 932 1239 cernebant,
952 1204 1025 1242 qnod

285 1251 480 1279 contentionem
501 1250 627 1288 majorem
641 1260 672 1277 ac
686 1249 805 1277 studium
830 1249 1024 1278 adhibuissent.

284 1298 339 1325 Nec
353 1307 415 1324 vero
430 1296 515 1331 dicas,
531 1295 638 1332 Ecquid
661 1305 702 1323 me
718 1295 745 1323 in
768 1295 910 1323 consilium
932 1305 1026 1331 vocas,

283 1344 305 1371 si
316 1343 405 1373 verbis
417 1342 483 1370 meis
495 1352 546 1370 non
562 1341 752 1380 obtemperas?
769 1351 819 1369 non
836 1341 906 1369 enim
922 1342 1027 1369 consul-

284 1390 360 1425 toris,
376 1388 423 1417 sed
437 1388 546 1427 tyranni
559 1387 601 1415 hae
615 1387 795 1416 accusationes
811 1394 883 1416 sunt.
898 1388 965 1415 Nam
981 1387 1027 1425 qui

285 1434 423 1462 consultor
437 1440 486 1467 est,
499 1433 550 1460 hoc
561 1433 647 1460 solnm
663 1432 690 1460 in
705 1432 817 1460 arbitrio
834 1443 881 1460 suo
893 1432 983 1468 habet,
1000 1439 1028 1460 ut

285 1480 350 1518 quid
365 1485 467 1508 censeat
481 1478 650 1516 dicatzquod
675 1478 696 1505 si
718 1478 847 1506 sententia
860 1478 912 1506 alia
926 1478 1028 1506 condu-

285 1526 391 1554 cibilior
411 1531 555 1563 appareat,
573 1530 598 1551 et
623 1523 680 1561 ipse
704 1533 781 1551 suam
795 1523 869 1560 sequi
882 1523 959 1560 velit,
976 1534 1029 1552 non

281 1571 338 1609 jam
353 1570 543 1603 consultorem,
554 1575 583 1596 ut
592 1568 649 1607 jam
663 1568 733 1603 dixi,
743 1567 790 1596 sed
803 1575 949 1607 tyrannum
962 1569 1025 1606 agit.

286 1618 326 1646 Ne
338 1617 422 1654 igitur
436 1615 474 1643 sic
490 1615 631 1649 faciamus,
649 1614 695 1642 sed
717 1614 836 1641 animum
852 1614 886 1642 ab
902 1614 974 1642 omni
990 1615 1030 1642 sa—

286 1670 328 1692 stu
342 1669 421 1700 atque
432 1661 584 1699 arrogantia
598 1660 755 1697 eximentes,
768 1659 796 1688 id
807 1667 965 1698 spectemus,
978 1670 1029 1688 non

287 1716 318 1737 ut
331 1720 360 1737 ea
374 1708 459 1737 solum
475 1718 534 1745 quae
547 1706 597 1746 ipsi
613 1706 812 1734 decreverimus
835 1713 913 1741 stent,
932 1706 978 1734 sed
1001 1713 1030 1735 ut

286 1765 316 1783 ea
331 1753 459 1782 sententia
468 1763 525 1791 quae
538 1751 733 1780 conducibilior
744 1751 824 1779 fuerit
832 1752 927 1787 valeat,
937 1751 1030 1779 etiam-

288 1800 310 1828 si
325 1811 340 1828 a
354 1800 430 1828 nobis
450 1798 560 1827 minime
579 1798 658 1826 allata
681 1797 724 1825 sit.
739 1797 832 1834 Neque
846 1797 917 1825 enim
933 1808 1030 1836 parum

288 1845 356 1873 lucri
370 1844 434 1872 hinc
447 1843 612 1881 colligemus,
625 1842 728 1870 etiamsi
740 1842 791 1880 ipsi
802 1853 860 1880 quaa
874 1842 900 1870 in
912 1853 967 1870 rem
978 1843 1031 1870 sint

290 1900 341 1918 non
358 1890 532 1928 reperiamus,
558 1888 581 1916 si
603 1898 633 1915 ea
659 1897 717 1924 quae
739 1887 773 1914 ab
788 1887 849 1915 aliis
865 1887 958 1915 utilius
973 1888 1030 1915 ani-

290 1935 429 1964 madversa
441 1934 540 1962 suerint
554 1933 762 1971 amplectamur3
775 1939 799 1960 et
814 1943 937 1970 magnam
949 1944 963 1960 a
974 1934 1030 1961 Deo

1033 956 1068 973 570

290 1981 439 2010 mercedem
452 1979 623 2018 accipiemus,
639 1978 701 2006 inde
715 1979 831 2006 maxime
842 1978 955 2017 gloriam
970 1990 1032 2007 con-

291 2037 444 2065 sequemur.
463 2027 500 2054 Ut
516 2025 586 2053 enim
601 2024 623 2052 is
639 2023 686 2062 qui
703 2024 797 2051 utilem
819 2024 975 2052 senteutiam
989 2024 1032 2052 di-

291 2074 347 2109 xit,
364 2072 484 2112 sapiens:
496 2071 532 2099 ita
555 2081 619 2105 nos⁷
634 2069 681 2107 qui
702 2080 759 2098 eam
775 2070 908 2109 complexi
928 2081 1031 2109 sumus,

292 2120 443 2161 prudentia}
458 2118 635 2156 eandorisque
650 2117 756 2146 laudem
769 2118 890 2146 feremus.
906 2117 949 2146 Ad
962 2118 1033 2146 hunc

293 2166 403 2195 modum
418 2172 443 2194 et
455 2165 551 2193 domus
569 2170 594 2192 et
610 2163 743 2200 civitates,
754 2163 824 2191 etad
835 2163 906 2192 hune
922 2163 1033 2192 modum

292 2212 411 2241 Ecclesia
427 2211 583 2250 gubernata,
600 2209 746 2248 majoribus
761 2210 930 2238 incrementis
954 2220 1035 2247 ange-

291 2259 436 2287 bitur:nos
451 2267 557 2296 quoque
577 2256 699 2294 praesenti
713 2255 769 2283 vita
784 2255 884 2294 optime
895 2255 1016 2284 instituta
1027 2279 1034 2291 ‚

293 2305 389 2333 suturis
402 2304 480 2332 bonis
493 2301 625 2342 potiemur
639 2314 644 2328 :
661 2301 760 2339 quibus
775 2302 877 2329 utinam
886 2312 975 2330 omnes
987 2313 1035 2340 po-

293 2350 392 2378 tiamur
406 2359 453 2387 per
466 2347 577 2385 gratiam
589 2352 613 2374 et
628 2345 830 2383 benignitatem,
848 2352 897 2374 etc.

327 2465 336 2475 c
355 2456 436 2488 [Editi
454 2454 638 2488 dewmdyefizl

328 2495 340 2513 ⁴¹
359 2494 435 2519 savit.
452 2495 590 2526 suspicatur
603 2492 734 2526 legendum
752 2498 849 2527 ηιατεῐν.
864 2493 904 2523 [In
923 2501 1000 2525 marg.
1016 2493 1051 2517 af-

1078 714 1167 742 στερον
1185 705 1271 742 φανῇ,
1289 706 1302 732 ὁ
1321 703 1347 731 δὲ
1361 703 1392 731 τὰ
1409 704 1471 742 παρ’
1487 702 1564 730 αὐτοῦ
1579 700 1725 739 ἀπράττειν
1749 699 1824 737 ἐθέλῃ
1834 721 1841 734 ,

1077 749 1164 777 οὐκέτι
1175 748 1320 787 σύμέουλός
1334 750 1413 783 ἐστιν,
1426 747 1493 776 ἀλλὰ
1506 747 1627 786 τύραννος
1636 768 1643 781 ,
1663 744 1753 784 ὥσπερ
1769 744 1842 783 ἔφην.

1077 794 1122 829 Μὴ
1137 795 1166 829 δὴ
1177 794 1244 823 οὕτω
1254 796 1380 832 ποιῶμεν,
1392 793 1460 822 ἀλλὰ
1469 793 1547 831 τύφου
1559 791 1655 824 παντὸς
1666 790 1710 819 καὶ
1720 789 1843 823 ἀπονοίας

1078 840 1274 874 ἀπαλλάξαντες
1288 840 1336 875 τὴν
1348 839 1446 879 ψυχὴν,
1462 841 1601 875 σκοπῶμεν
1615 839 1662 876 οὐχ
1679 836 1749 868 ὅπως
1765 835 1842 874 μόνον

1077 886 1110 915 τὰ
1124 886 1241 925 ἡμέτερα
1255 885 1331 920 σταίη
1342 908 1349 921 ,
1372 886 1429 913 ἀλλ’
1452 884 1522 916 ὅπως
1535 886 1551 919 ἡ
1568 883 1735 922 συμφέρουσα
1749 880 1842 920 γνώμη

1079 932 1217 972 κρατήσειε
1227 955 1234 968 ,
1250 931 1298 960 κᾶν
1311 931 1347 969 μὴ
1363 933 1426 969 παρ’
1441 933 1517 969 ἡμῶν
1536 929 1695 968 εἷσφέρηται.
1709 927 1778 956 Οὐδὲ
1792 926 1843 966 γὰρ

1081 978 1171 1017 μικρὸν
1184 979 1368 1016 κερδανοῦμεν,
1384 976 1431 1005 κᾶν
1448 976 1484 1014 μὴ
1497 975 1530 1004 τὰ
1547 975 1636 1004 δέοντα
1655 973 1781 1014 εὕρωμεν,
1796 975 1844 1002 αὗ-

1079 1024 1119 1053 τοὶ
1133 1023 1166 1052 τὰ
1179 1025 1242 1063 παρ’
1259 1023 1352 1062 ἑτέρων
1363 1022 1476 1062 φανέντα
1488 1021 1621 1060 δεχόμενοι
1634 1042 1641 1055 ,
1656 1020 1701 1048 καὶ
1711 1019 1785 1059 παρὰ
1798 1021 1843 1047 τοῦ

1081 1072 1149 1099 Θεοῦ
1161 1069 1242 1098 πολὺν
1256 1069 1395 1108 ληψόμεθα
1409 1067 1451 1096 τὸν
1468 1068 1568 1105 μισθὸν,
1585 1066 1630 1095 καὶ
1645 1065 1718 1101 δόξης
1733 1064 1760 1093 δὲ
1775 1064 1843 1094 οὕτω

1082 1116 1198 1154 μάλιστα
1213 1115 1406 1152 ἀπολαύσομεν.
1419 1113 1525 1152 ιὨσπερ
1536 1113 1587 1151 γὰρ
1599 1114 1694 1144 ἐκεῖνος
1708 1114 1721 1140 ὃ
1733 1110 1766 1139 τὰ
1782 1122 1845 1148 συμ·

1082 1161 1192 1201 φέροντα
1208 1160 1299 1194 εἰπὼν,
1319 1159 1410 1198 σοφός·
1430 1158 1511 1191 οὕτως
1525 1161 1601 1195 ἡμεῖς
1624 1156 1844 1194 καταδεξάμενοι,

1083 1207 1127 1236 καὶ
1149 1207 1222 1235 αὐτοὶ
1243 1205 1369 1237 συνέσεως
1383 1205 1426 1233 καὶ
1440 1203 1636 1243 εὐγνωμοσύνης
1652 1201 1846 1241 καρπωσόμεθα

1083 1253 1196 1281 ἔπαινον.
1210 1251 1289 1281 Οὕτω
1300 1251 1344 1280 καὶ
1360 1251 1439 1280 οἰκίαι
1459 1250 1503 1279 καὶ
1518 1250 1606 1282 πόλεις
1616 1272 1623 1285 ,
1636 1248 1702 1277 οὕτω
1723 1247 1768 1277 καὶ
1783 1247 1849 1276 Ἐκ-

1084 1298 1182 1333 κλησία
1196 1296 1399 1334 οἰκονομουμένη
1411 1319 1418 1330 ,
1435 1295 1539 1333 μείζονα
1555 1295 1668 1334 λήψεται
1680 1293 1832 1333 προσθήκην
1843 1304 1848 1310 ·

1085 1344 1152 1372 οὕτω
1176 1343 1221 1371 καὶ
1241 1345 1317 1380 ἡμεῖς
1331 1342 1374 1370 τὸν
1389 1341 1508 1381 παρόντα
1525 1341 1579 1378 βίον
1599 1341 1694 1379 ἄριστα
1709 1338 1850 1376 οἰκονομή-

1085 1401 1189 1424 σαντες,
1202 1391 1253 1417 τῶν
1270 1388 1416 1426 μελλόντων
1430 1386 1614 1424 ἐπι-τευξόμεθα
1629 1387 1732 1424 ἀγαθῶν
1742 1397 1748 1402 ·
1762 1381 1797 1413 ὧν
1811 1383 1850 1423 γε’-

1085 1447 1154 1463 νοιτο
1163 1434 1261 1466 πάντας
1272 1436 1342 1471 ἡμᾶς
1352 1435 1493 1472 ἐπιτυχεῖν,
1505 1432 1595 1471 χάριτι
1606 1431 1651 1460 καὶ
1660 1429 1851 1470 φιλανθρωπία,
1888 1464 1893 1471 ι

1086 1479 1173 1509 καὶτὰ
1190 1480 1255 1515 ἑξῆς.

1100 2455 1146 2479 sert
1159 2454 1233 2478 aliam
1247 2453 1380 2479 lectionem
1394 2459 1450 2487 φανῇ
1469 2460 1511 2478 τῶν
1525 2454 1579 2485 παρ’
1600 2454 1679 2482 adria,
1694 2454 1730 2476 md
1748 2453 1855 2483 πράττειν

1102 2498 1125 2519 ο)
1139 2497 1205 2526 θέλῃ,
1219 2493 1311 2526 asaia]
