1860 2876
89 907 128 924 ¹³·

69 928 119 951 iSd.

63 1715 124 1742 Γῆς.
139 1720 176 1735 20.

67 1844 125 1869 rag.
140 1843 178 1865 60.

97 906 118 916 ιο
155 899 204 927 'ST-

63 1874 102 1895 30.
121 1875 159 1897 28.

66 1908 116 1931 Ιήμ
123 1921 127 1926 .
137 1905 191 1933 259.

63 1936 120 1957 980.

64 1966 190 1995 Png.239.

68 2084 130 2110 Pag.
144 2083 182 2105 30.

157 2114 194 2137 58.

68 2115 129 2141 fag.

66 2146 105 2165 (iu.

65 2260 127 2287 I'ng.
140 2259 152 2281 5
174 2278 177 2281 .

64 2290 118 2313 ³52.

65 2322 119 2342 355.

66 2352 119 2373 3155.

65 2383 120 2412 385.

94 2185 133 2201 ιμ.
154 2177 206 2205 3²7-

230 141 240 162 ὶ
254 141 262 162 i
902 148 939 169 Pi<
950 147 1082 171 izi-'x'l'ttr

226 203 299 231 Licet
314 204 384 232 enini
399 204 604 243 Chrysostomus
618 215 669 234 non
683 206 861 244 infrequenter
870 207 997 236 memoria
1012 208 1126 245 labatur,
1140 214 1164 236 et
1175 208 1256 236 alium
1270 218 1317 247 pro
1329 208 1382 237 alio
1393 209 1539 249 Scripturae
1553 210 1653 239 librum
1666 221 1780 241 comme-

225 256 319 285 moret,
334 249 377 279 liic
391 257 460 279 certe
474 252 559 290 major
572 252 662 291 lapsus
675 252 894 291 deprehenditur.
909 256 1022 289 Verum,
1040 255 1089 284 hoe
1109 254 1198 283 demto
1215 255 1283 291 loen,
1300 255 1426 294 prologus
1447 263 1501 285 tam
1529 264 1588 296 apte.
1609 257 1781 286 concinnatus

225 302 273 330 cst,
287 304 315 325 ut
330 297 397 325 mihi
412 297 467 336 ipsc
482 298 687 338 Chrysostomus
703 300 775 338 loqui
792 301 930 337 videntum
944 308 969 329 et
980 301 1054 339 quod
1071 312 1113 330 me
1127 303 1221 341 inassiS,
1236 309 1265 330 ut
1279 312 1310 330 ne
1324 302 1409 331 doctis
1423 303 1476 332 illis
1489 304 1554 333 viris
1566 305 1674 333 omnino
1689 314 1779 333 assen-

224 343 285 378 tiar,
295 343 402 380 detinet,
417 344 453 373 ita
467 345 562 374 desinit
574 347 712 385 prologus,
729 354 757 375 ut
772 347 842 376 idem
857 349 970 387 scriptor
985 349 1125 377 homiliam
1138 349 1252 387 primam
1266 349 1397 387 incipiens
1411 350 1503 379 eadem
1521 351 1587 380 serie
1601 361 1710 390 pergere
1729 350 1780 380 de-

222 390 410 429 prehendatur.
428 392 508 427 Quod
526 393 596 421 enim
612 393 755 432 aliquando
770 395 897 424 memoria
920 396 1027 424 labatur
1046 396 1072 424 in
1103 396 1153 424 hoe.
1175 396 1233 434 ipso
1248 397 1334 425 Tomo
1351 397 1447 432 ¹videre
1467 404 1541 437 potes
1562 409 1624 437 pag.
1643 399 1711 435 660,
1731 398 1779 427 uhi

223 437 342 467 Milesios
352 449 401 477 pro
416 439 538 477 Ephesiis
549 441 648 479 posuit,
663 440 813 479 similiaque
824 442 889 470 alibi
903 453 955 471 uon
971 453 1030 471 raro
1041 442 1235 481 deprehendas,
1254 443 1319 472 Rem
1335 450 1422 472 tamen
1436 444 1535 474 eruditi
1556 445 1663 474 lectoris
1675 444 1780 484 judicio

222 492 353 523 permitto.

962 566 990 603 ς.
1016 566 1050 593 ii.

222 658 232 683 1
244 679 248 683 .
260 656 397 685 Homilioe
409 659 440 685 in
454 657 616 696 Epistolani
630 660 755 695 primam
767 658 807 685 ad
818 657 982 686 Corinthios
994 658 1162 685 Antiocliioe
1174 657 1385 697 liabitoefuere,
1407 661 1467 697 ipso
1482 665 1552 688 teste
1562 659 1778 696 Chrysostomo.

260 705 287 731 9,
300 705 399 732 Multa
412 706 484 733 scitu
495 705 667 743 dignissima
681 704 912 742 complectuntur
925 706 1004 732 circa
1017 705 1203 742 philosophos
1228 711 1340 733 eeteros
1350 717 1355 733 ι
1367 707 1396 733 5.
1414 708 1494 734 circa
1507 707 1664 743 Izaereticos,
1679 708 1779 735 Illam'-

258 751 352 779 cliaeos
365 762 465 790 nempe
478 758 503 779 et
518 753 733 780 Marcionistas.
746 751 775 778 4.
792 751 943 779 Ridiculus
960 752 1221 781 Mar-cionistarwn
1247 754 1330 781 ritus.
1346 753 1373 782 5.
1391 753 1503 782 Contra
1526 753 1779 783 Antiochenorum

260 797 494 826 Christianorum
508 807 607 826 mores.
623 799 652 826 (5.
669 796 744 825 Alia
759 797 895 835 quoedam
910 798 1110 826 observantur.

257 895 283 920 1.
309 893 367 920 Non
379 892 426 920 abs
446 903 475 921 re
489 892 569 921 fuerit
581 892 626 920 hie
640 892 736 921 referre
752 903 803 930 qna
816 899 951 931 permotus
968 893 1105 921 occasione
1118 893 1326 933 Chrysostomus
1340 894 1366 922 in
1382 894 1500 922 Homilia
1513 893 1643 932 vigesima
1654 893 1741 933 prima
1752 905 1780 924 se

216 939 362 967 Antiochia}
376 939 525 968 concionari
540 939 725 969 declaraverit.
743 939 845 969 Divites
863 939 941 968 multi
955 947 1028 968 erant
1043 940 1069 968 in
1084 941 1147 968 istac
1161 941 1235 977 urbe,
1251 941 1336 979 avari,
1353 952 1437 979 neque
1449 941 1483 969 ad
1499 941 1593 980 stipem
1615 941 1779 980 pauperibus

214 986 376 1025 erogandam
389 986 524 1025 propensi.
538 987 585 1015 Isti
598 986 689 1026 inopes
699 997 816 1025 quosque
832 987 935 1024 obvios,
948 998 979 1015 ne
994 987 1114 1015 teruneio
1134 987 1243 1025 quidem
1258 988 1347 1017 oblato
1365 988 1518 1026 abigebant.
1534 988 1577 1016 Illi
1594 998 1657 1018 vero
1672 994 1701 1016 ut
1713 998 1778 1027 opu·

214 1033 298 1061 lentos
313 1032 373 1061 illos
387 1032 530 1069 flecterent,
542 1033 600 1061 dira
621 1044 732 1071 quasque
748 1033 896 1062 tentabant.
914 1033 967 1062 Alii
988 1033 1058 1062 filios
1081 1045 1228 1072 exerceare,
1253 1041 1282 1062 ut
1303 1034 1336 1063 ad
1352 1034 1608 1063 commiserationem
1623 1041 1776 1071 moverent,

215 1079 261 1107 alii
275 1079 418 1118 spectaculi
429 1090 517 1115 eausa,
530 1079 689 1108 detritoriiin
702 1080 851 1108 calceorum
865 1080 935 1109 coria
944 1081 1079 1117 mandere,
1088 1081 1133 1109 alii
1147 1088 1238 1109 acutos
1253 1081 1344 1110 elavos
1359 1081 1384 1109 in
1395 1088 1474 1120 caput
1486 1080 1648 1119 inflgere5hi
1660 1080 1687 1109 iri
1699 1081 1778 1119 aquis

215 1126 275 1165 gelu
295 1126 420 1154 concretis
436 1126 508 1154 nudo
523 1133 613 1155 ventre
634 1127 784 1163 immorari5
801 1127 841 1155 illi
854 1127 895 1155 his
910 1128 989 1156 etiam
1010 1128 1171 1156 absurdiora
1192 1135 1217 1156 ct
1234 1128 1371 1156 acerbiora
1386 1128 1524 1156 sustinere.
1538 1127 1700 1166 Hujusmodi
1718 1138 1778 1157 vero

214 1173 373 1212 spectaculis
385 1172 425 1200 illi
440 1173 535 1211 opibus
550 1173 764 1202 circumfluentes
781 1174 915 1211 commoti,
930 1173 1069 1213 pecuniam
1082 1174 1193 1213 largiter
1206 1174 1378 1202 effundebant
1394 1174 1434 1210 iis,
1450 1184 1515 1212 quos
1528 1173 1693 1202 obsecrantes
1702 1180 1778 1202 antea

215 1220 375 1259 repulerant.
395 1219 458 1248 Illos
472 1227 560 1248 autem
574 1220 711 1258 acerrime,
729 1227 758 1249 ut
772 1232 821 1260 par
835 1228 901 1255 erat,
919 1221 1061 1250 insectatur
1081 1221 1109 1250 S.
1131 1221 1239 1257 doctor;
1262 1229 1345 1259 utque
1370 1221 1492 1260 exemplo
1515 1220 1577 1249 illos
1590 1220 1625 1248 ad
1639 1220 1777 1249 meliorem

213 1267 317 1305 frugem
329 1266 446 1303 reducat,
462 1267 639 1296 Antiochenos
654 1267 714 1297 illos
725 1268 825 1307 priscos
838 1269 865 1296 in
880 1269 1034 1297 memoriam
1048 1275 1163 1304 revocat,
1174 1269 1220 1307 qui
1235 1269 1402 1308 temporibus
1416 1267 1569 1307 apostolicis
1584 1267 1740 1303 floruerant,
1752 1275 1777 1297 et

215 1314 261 1351 qui
275 1314 355 1353 primi
371 1314 585 1343 Christianorum
598 1315 704 1343 nomine
716 1316 855 1355 appellati,
873 1316 943 1344 bona
957 1327 1004 1344 sua
1020 1316 1130 1354 largiter
1153 1316 1180 1344 in
1199 1326 1348 1355 pauperum
1368 1322 1393 1344 et
1413 1315 1584 1343 ecclesiarum
1597 1325 1675 1342 usum
1689 1314 1776 1343 essun-

213 1361 329 1399 debant;
349 1368 377 1390 ut
389 1361 451 1390 hine
464 1361 599 1391 hodiernis
615 1362 745 1402 pudorem
761 1363 973 1399 inciitei·et.Qiiia
988 1374 1051 1393 vero
1063 1363 1162 1392 divites
1176 1363 1216 1391 illi
1229 1363 1319 1402 inopes
1330 1369 1355 1391 et
1370 1362 1504 1391 mendieos
1515 1361 1548 1390 ad
1563 1361 1708 1390 Ecclesiam
1722 1363 1776 1390 An-

214 1407 375 1445 tiochenam,
387 1419 446 1446 quai
460 1408 633 1447 amplissimis
647 1409 777 1437 reditibus
792 1409 920 1438 instructa
935 1417 999 1445 erat,
1015 1409 1149 1438 remittere
1164 1409 1292 1445 solebant,
1309 1409 1440 1437 obnititur
1451 1408 1496 1436 ille
1510 1408 1610 1445 aitque,
1626 1407 1726 1446 stipem
1741 1407 1776 1435 ab

216 1454 337 1483 Ecclesia
350 1462 484 1494 erogatam
497 1456 629 1495 opulentis
644 1456 711 1484 nihil
733 1457 822 1485 meriti
840 1457 959 1485 conferre
974 1457 1022 1485 nisi
1039 1464 1064 1485 et
1076 1456 1127 1495 ipsi
1139 1456 1248 1495 largiter
1263 1462 1426 1495 spargerent.
1437 1457 1467 1483 In
1482 1454 1599 1492 quadani
1611 1460 1700 1482 autem
1714 1463 1775 1482 con-

214 1501 289 1530 cione
301 1502 483 1541 superioribus
496 1503 594 1531 inserta
607 1503 701 1532 Tomis
713 1503 818 1532 dixerat
830 1504 885 1540 ille,
898 1504 1046 1532 Ecclesiam
1063 1504 1254 1532 Antiochenam
1265 1514 1297 1531 ex
1310 1509 1441 1541 proventu
1460 1512 1507 1529 suo
1521 1501 1621 1540 inopes,
1633 1500 1730 1529 viduas
1750 1506 1775 1528 et

211 1548 329 1587 virgines
342 1548 378 1577 ad
391 1556 431 1578 ter
443 1549 517 1577 mille
531 1559 641 1577 numero
651 1550 771 1588 quotidie
784 1551 861 1579 alere.
881 1551 933 1579 Has
945 1551 1028 1589 igitur
1038 1550 1182 1579 Conciones
1198 1550 1224 1578 in
1238 1549 1388 1588 Epistolam
1400 1548 1514 1587 primam
1528 1547 1674 1575 Antiochiae
1687 1546 1770 1575 liabi-

215 1601 254 1623 tas
268 1595 349 1623 fuisse
364 1596 494 1634 exipsius
505 1596 689 1634 Chrysostomi
705 1597 853 1626 testimonio
868 1604 938 1625 certo
950 1604 1063 1625 constat.

253 1644 281 1670 Q.
307 1642 452 1671 Occasione
466 1649 553 1670 sumta
566 1653 598 1671 ex
609 1643 760 1681 apostolicis
767 1643 866 1680 verbis,
879 1644 962 1671 multa
978 1655 1047 1683 saepe
1063 1644 1196 1672 interserit
1210 1650 1299 1671 contra
1320 1641 1495 1681 philosophos
1509 1647 1612 1669 exteros
1633 1646 1658 1668 ct
1682 1645 1773 1668 contra

215 1689 350 1718 idolorum
370 1689 491 1718 cultores.
518 1689 609 1718 Primo
635 1689 846 1729 disputationem
868 1691 1013 1729 quamdam
1034 1690 1163 1720 Platonici
1178 1700 1237 1718 eum
1254 1688 1406 1717 Christiano
1419 1688 1505 1725 refert,
1517 1687 1564 1715 ubi
1576 1687 1611 1715 ita
1627 1686 1775 1715 inconsulto

215 1736 340 1773 utrinque
353 1735 515 1764 adhibentur
524 1743 690 1773 argumenta,
700 1743 728 1764 ut
741 1737 820 1765 ambo
831 1737 991 1765 contrariam
1008 1737 1164 1766 sententiam
1175 1745 1299 1769 asserere,
1314 1746 1390 1763 suam
1402 1735 1560 1773 impugnare
1571 1732 1774 1772 deprehendan-

214 1790 269 1812 tur.
287 1783 424 1811 Platonem
439 1793 490 1811 non
506 1793 566 1811 raro
575 1782 743 1821 aggreditur,
754 1794 833 1821 quem
847 1783 913 1812 dicit
926 1784 993 1812 male
1006 1783 1039 1812 de
1049 1783 1101 1812 diis
1112 1784 1265 1812 sentientem
1286 1782 1357 1820 ipsos
1367 1789 1455 1809 tamen
1465 1781 1588 1817 coluisse,
1599 1780 1649 1808 iter
1665 1779 1691 1807 in
1706 1779 1775 1808 Sici-

214 1829 278 1857 liam
291 1829 447 1867 instituisse,
460 1829 627 1866 multumque
642 1828 776 1857 laborasse
798 1829 865 1857 circa
881 1829 990 1862 lineam,
1008 1828 1137 1867 angulum
1160 1834 1185 1856 et
1205 1834 1344 1866 punctum.
1366 1826 1452 1854 Poctae
1464 1824 1605 1863 cujusdam
1628 1824 1732 1863 profani
1748 1831 1773 1852 et

216 1875 300 1914 ignoti
314 1886 406 1904 versus
425 1875 502 1903 affert
519 1881 544 1903 et
557 1874 662 1914 Pythiae
686 1874 882 1914 turpitudinem
900 1874 1094 1912 historiamque
1109 1873 1235 1901 traducit.
1263 1871 1378 1900 Socratis
1394 1870 1547 1909 exemplum
1570 1870 1657 1907 affert,
1672 1869 1718 1907 qui
1730 1869 1773 1898 di-

216 1933 305 1951 cacem
317 1930 342 1951 et
352 1933 489 1962 procacem
504 1933 615 1950 uxorem
628 1921 758 1961 patienter
778 1922 847 1950 serre
866 1921 965 1950 solebat
982 1933 987 1949 ε
1003 1929 1028 1950 et
1048 1931 1108 1949 eum
1130 1920 1264 1948 auditores
1278 1919 1305 1947 in
1325 1919 1467 1950 clamorem
1478 1924 1503 1945 et
1518 1916 1603 1945 risum
1617 1916 1773 1955 erupissent,

216 1969 287 2008 ipsos
301 1969 455 2008 compressit
467 1968 672 2007 Chrysostomus
687 1968 775 1996 dicens
788 1980 793 1995 τ
813 1969 925 2006 lllagna
937 1978 1010 1995 voce
1023 1968 1210 1996 exclamastis
1224 1977 1232 1992 .-
1245 1966 1296 1993 sed
1308 1975 1358 2003 ego
1373 1964 1463 1992 valde
1477 1973 1552 1991 nunc
1572 1964 1696 2001 ingemo,
1707 1971 1771 1990 cum

218 2017 337 2044 videam
350 2016 465 2045 Graecos
482 2017 574 2054 magis
586 2016 773 2055 philosophos
794 2025 862 2048 esse,
882 2025 970 2053 quam
988 2025 1049 2049 nos,
1065 2016 1114 2053 qui
1124 2014 1258 2052 jubemur
1280 2012 1399 2050 angelos
1426 2011 1546 2044 imitari,
1560 2011 1617 2037 imo
1630 2011 1679 2047 qui
1688 2009 1771 2047 jube-

216 2073 282 2091 rnur
301 2065 393 2102 ipsum
413 2063 545 2091 oemulari
556 2063 651 2091 Deum
671 2065 703 2091 in
726 2063 957 2091 mansuetudinis
971 2064 1095 2090 ratione.
1110 2062 1150 2089 De
1165 2060 1281 2098 Diagora
1297 2059 1359 2087 item
1382 2064 1406 2086 et
1419 2056 1562 2085 Theodoro
1582 2055 1675 2106 owe'ozq,
1687 2054 1773 2093 deque

216 2110 368 2150 Pythagora
382 2110 503 2148 quaedam
520 2110 659 2139 interserit.
672 2111 712 2138 De
724 2110 842 2148 Diogene
857 2109 959 2148 Cynico
970 2109 1017 2145 ait,
1033 2109 1121 2148 ipsum
1136 2106 1220 2135 inanis
1236 2106 1326 2145 gloriae
1341 2115 1418 2133 causa
1438 2111 1462 2132 et
1479 2104 1505 2131 in
1520 2102 1593 2131 dolio
1604 2102 1739 2130 habitasse
1749 2108 1774 2130 et

216 2155 311 2195 pannis
322 2156 438 2184 obsitum
450 2166 506 2184 sese
520 2155 702 2184 ostentavisse.
724 2155 848 2192 Aliosqiic
864 2154 1037 2193 philosophos
1050 2154 1158 2182 (jraecos
1172 2151 1230 2191 pari
1245 2151 1323 2179 modo
1337 2150 1433 2189 carpit.

260 2203 289 2231 5.
313 2202 475 2231 Manichaeos
488 2203 533 2230 hie.
550 2213 601 2230 non
623 2202 702 2231 semel
719 2202 869 2241 impugnat,
886 2208 914 2229 ut
929 2201 1008 2230 etiam
1030 2201 1057 2229 in
1070 2200 1129 2228 aliis
1143 2199 1268 2238 operibus
1280 2199 1344 2227 suis.
1373 2198 1440 2226 Nam
1457 2196 1538 2235 hujus
1557 2195 1685 2245 haereseos
1699 2194 1774 2223 viriis

220 2248 319 2287 passim
330 2259 378 2288 per
404 2249 540 2277 Orientem
563 2248 691 2287 serpebat.
713 2249 781 2276 Puto
803 2254 890 2276 autem
916 2247 1052 2275 haereiicos
1076 2246 1147 2283 illos,
1164 2245 1209 2282 qui
1222 2245 1412 2284 Chrysostomo
1426 2249 1491 2271 teste
1500 2251 1562 2281 pag.
1579 2241 1637 2269 587
1651 2240 1775 2269 dicebant

219 2295 293 2325 aliud
308 2306 403 2335 corpus
414 2307 428 2324 a
439 2295 527 2335 priore
537 2296 674 2324 diversum
686 2305 831 2334 resurgere,
848 2294 1009 2323 Manichaeos
1029 2305 1094 2331 esse,
1111 2292 1228 2331 quicum
1249 2298 1392 2320 assererent
1407 2299 1504 2328 eorpus
1515 2288 1662 2316 humanum
1676 2297 1691 2314 a
1703 2286 1774 2315 malo

218 2341 267 2371 deo
277 2352 322 2370 seu
337 2352 352 2370 a
363 2341 471 2370 diabolo
485 2348 602 2370 creatum
612 2340 704 2376 suisse,
722 2340 796 2368 aliud
808 2347 832 2368 et
845 2340 980 2369 diversum
995 2340 1028 2368 ab
1048 2339 1095 2367 illo
1109 2344 1318 2367 resurrecturum
1333 2347 1388 2365 esse
1404 2333 1672 2365 comminiscebantur
1685 2343 1691 2359 :
1704 2331 1773 2360 hanc

219 2389 414 2425 haereticorum,
434 2389 514 2417 tacito
525 2388 642 2426 nominc,
655 2388 805 2427 opinionem
821 2395 949 2416 memorat
961 2387 1040 2415 etiam
1059 2387 1086 2415 in
1103 2385 1228 2414 Honiiliis
1253 2384 1287 2413 ad
1301 2383 1444 2413 secundam
1465 2380 1613 2421 Epistolam
1630 2388 1691 2418 pag.
1701 2379 1768 2406 509

257 2436 284 2463 4.
296 2435 479 2464 Marcionistas
494 2446 598 2474 quoque
610 2435 763 2469 insectatur,
781 2435 897 2463 maxime
912 2445 976 2463 vero
991 2444 1051 2462 cum
1064 2433 1097 2462 ad
1114 2443 1175 2461 eum
1189 2433 1277 2460 locum
1290 2430 1421 2470 pervenit,
1438 2428 1483 2457 nbi
1505 2426 1605 2455 Paulus
1619 2425 1675 2453 haec
1684 2424 1770 2476 enph-

218 2488 276 2510 catu
292 2482 413 2510 difficilia
430 2483 530 2522 profert
546 2494 552 2510 :
571 2483 697 2521 Alioqui
708 2483 900 2522 quidsacienc
911 2484 961 2520 qui
975 2483 1162 2520 baptizantur
1175 2490 1227 2518 pro
1240 2480 1368 2508 mortuis.
1383 2477 1437 2506 Ubi
1450 2474 1514 2515 quid
1526 2484 1554 2503 ea
1565 2472 1598 2501 de
1612 2482 1640 2500 rc
1648 2478 1769 2505 sentiant,

217 2537 241 2557 et
250 2529 381 2568 quomodo
394 2530 420 2559 id
431 2537 608 2569 exsequantur
617 2529 805 2568 Marcionistae,
818 2529 854 2558 sic
867 2529 941 2558 essert
951 2529 1157 2567 Chrysostomus
1169 2539 1174 2554 .-
1190 2527 1282 2555 l'ulcis
1297 2527 1419 2563 primum
1430 2524 1524 2552 dicam
1537 2519 1678 2558 quomodo
1692 2519 1769 2547 hanc
