1891 2866
468 174 500 195 lN
531 173 636 195 Et'tsT.
667 173 689 194 1.

39 236 123 271 νήτων
144 236 229 276 χερσί.
253 237 346 264 Ταῦτα
367 235 418 275 γὰρ
433 235 510 264 αὐτὸν
527 235 633 264 δύναται
653 234 752 273 μᾶλλον
773 233 806 261 τὰ

40 282 124 321 δεσμὰ
145 282 281 322 κατέχειν,
296 282 340 311 καὶ
362 284 391 311 ἐκ
406 284 458 310 τῶν
472 282 597 320 ταμιείων
613 281 716 310 ἐκείνων
732 280 808 309 οὐδέ-

39 341 102 358 ποτε
120 329 296 368 διαφ;ύξεται,
320 329 364 357 καὶ
380 332 393 357 ὁ
414 329 522 361 ἄπιστος
536 324 609 360 οὗτος
626 328 697 366 μένει
717 326 806 356 λοιπὸν

39 375 130 409 πιστὸς
141 399 147 411 ,
162 376 319 415 χειροήθης,
337 375 447 414 ἥμερος,
459 377 491 413 τῆ
512 387 558 410 erg
579 376 608 403 ἐλ
610 374 755 413 εηιιοσύνης
768 375 808 402 δε-

39 422 79 462 ξιᾷ
93 425 177 451 ταῦτα
192 422 336 460 γενόμενος.
352 420 397 451 Ἂν
414 422 460 460 μὲν
484 423 527 450 οὖν
542 420 722 461 παραγένηταί
744 432 807 449 ποτε

37 470 101 506 ἡμῖν
111 468 215 507 ,ταύτη
231 469 390 507 παραόωμεν
406 467 482 496 αὐτόν
498 479 503 484 ·
520 467 550 495 ἂν
565 467 592 496 δὲ
608 468 644 506 μὴ
659 466 807 506 παραγένη-

37 526 95 549 ται,
112 526 148 552 μη
166 515 270 552 ζητωμέ
273 526 298 547 V,
316 526 382 552 μηῦξ
397 514 520 552 α’γγζῠμέν
536 525 653 546 ξαυτους,
670 525 735 551 (tr-,03
749 512 807 545 ῒῦυς

37 560 112 599 ἔχοντ
104 572 144 593 ας
160 561 275 617 μακαρί
263 562 356 598 γωυ,εν.
373 561 453 592 Ποὶος
463 560 513 599 γὰρ
528 562 600 593 οὗτος
622 559 800 607 μακαρισ·ιι>’ς;
824 562 841 584 Β

36 606 122 642 ’πλὴν
145 606 221 644 εἰμὴ
239 619 283 635 και
308 619 366 639 τους
391 606 567 646 Οηριοσιοίχους
589 605 718 640 ζηλωτοὺς
741 608 807 633 εἶναι

36 653 130 692 φαίης,
150 653 190 682 ότ·
212 652 244 681 τὰ
269 653 436 691 nobrio-(52
457 655 542 681 ἐκεῖνα
563 652 641 691 θηρία
664 651 806 680 κατακλεί-

35 711 126 733 σαντες
138 701 237 732 ἑαυτοὶς
250 700 421 739 φυλάττουσιν
439 701 462 729 οἱ
478 700 537 732 τοὺς
550 699 680 732 τοιούτους
695 698 807 731 τιθέντες

37 747 154 785 ἀγῶνας,
172 746 245 774 αὐτοὶ
270 746 358 784 μέντοι
381 747 409 775 οὐ
432 747 598 786 προσελθεῖν,
615 747 664 784 οὐχ
689 745 805 784 ἅψασθαι

35 793 201 831 τολμῶντες,
225 793 284 821 ἀλλ’
309 794 471 831 ἀγωνιῶντες
495 791 561 821 αὐτὰ
588 792 633 820 καὶ
657 791 804 830 τρέμοντες.

34 840 159 867 Τοιοῦτον
171 839 221 878 γάρ
234 851 260 867 τι
273 838 318 867 καὶ
330 841 353 867 οἱ
365 839 533 871 πλουτοῦντες
547 841 704 878 πάσχουσιν,
714 837 804 875 ὥσπερ

34 885 122 924 θηρίον
146 884 243 920 ἀπηνὲς
258 887 283 913 ἐν
304 890 357 917 τοῖς
371 885 498 922 ταμιείοις
520 884 738 916 κατακλείσαντες
760 884 802 912 τὸν

34 932 158 967 πλοῦτον,
175 931 220 960 καὶ
243 932 300 960 καο’
317 931 431 964 ἑκάστην
452 932 514 970 παρ’
530 932 607 959 αὐτοῦ
629 930 676 965 τὴν
700 929 802 968 ἡμέραν

35 978 115 1018 μυρία
132 977 266 1017 δεχόμενοι
281 977 313 1006 τὰ
329 976 486 1016 τραύματα,
501 976 657 1008 ἀπεναντίας
679 980 732 1008 τοῖς
753 978 802 1010 021<

35 1024 106 1062 ρίοις.
117 1024 222 1052 ’Ἐκεῖνα
236 1023 281 1061 μὲν
296 1023 346 1062 γὰρ
359 1023 419 1051 ὅταν
429 1022 566 1061 ἐξαγάγῃς,
576 1021 635 1051 τότε
646 1021 801 1059 λυμαίνεται
818 1024 835 1045 C

32 1075 85 1103 τοῖς
96 1072 245 1099 ἀπαντῶσιν
258 1081 263 1086 ·
277 1065 349 1102 οὗτος
365 1069 391 1098 δὲ
406 1068 467 1097 ὅταν
481 1068 713 1106 συγκεκλεισμένος
726 1063 743 1106 ᾗ
756 1067 801 1096 καὶ

32 1115 238 1156 φυλαττόμενος,
249 1115 306 1144 τότε
319 1116 447 1144 ἀπόλλυσι
462 1114 521 1147 τοὺς
534 1113 711 1152 κεκτημένους
724 1114 800 1142 αὐτὸν

32 1162 76 1190 καὶ
90 1162 276 1202 φυλάττοντας.
294 1162 362 1190 Ἀλλ’
377 1164 454 1200 ἡμεῖς
473 1162 502 1190 τὸ
524 1161 611 1200 Οηρίον
629 1164 704 1189 τοῦτο
722 1160 800 1195 ποιή-

32 1220 118 1247 σωμεν
132 1208 239 1246 ἥμερον.
252 1208 350 1237 Ἔσται
363 1207 390 1236 δὲ
404 1207 503 1246 ἥμερον
513 1230 520 1243 ,
537 1207 567 1235 ἂν
583 1206 619 1245 μὴ
631 1207 799 1236 κατακλείω-

33 1265 79 1292 μεν
93 1255 168 1287 αὐτὸ,
183 1254 250 1283 ἀλλὰ
264 1258 321 1287 ταῖς
334 1253 456 1282 ἁπάντων
474 1256 525 1282 τῶν
548 1253 675 1291 δεομένων
696 1253 799 1293 προσά-

30 1312 119 1339 γωμεν
140 1301 239 1340 χερσίν.
260 1301 339 1330 Οὕτω
362 1301 406 1330 καὶ
419 1301 453 1330 τὰ
467 1301 579 1340 μέγιστα
601 1302 716 1330 ἐντεῦθεν
733 1313 798 1340 καρ-

29 1347 174 1385 πωσόμεῡα
198 1347 297 1386 ἀγαθὰ,
323 1348 367 1376 καὶ
392 1349 418 1376 ἐν
453 1349 491 1386 τῷ
518 1347 627 1387 παρόντι
653 1347 702 1387 βίῳ
732 1347 799 1386 μετὰ

30 1393 171 1432 ἀσφαλείας
185 1393 229 1422 καὶ
241 1395 360 1432 χρηστῆς
374 1395 466 1427 ζῶντες
481 1394 593 1430 ἐλπίδος,
609 1394 654 1422 καὶ
669 1394 737 1422 κατὰ
751 1394 799 1429 τὴν

28 1439 175 1477 μέλλουσαν
199 1440 300 1479 ἡμέραν
327 1439 395 1478 μετὰ
418 1439 567 1480 παῤῥησίας
594 1440 729 1478 ἱστάμενοι
746 1452 752 1458 ·
768 1436 799 1475 ἧς

28 1485 128 1523 γένοιτο
144 1485 243 1519 πάντας
261 1489 332 1524 ἡμᾶς
354 1489 502 1526 ἐπιτυχεῖν,
523 1486 614 1526 χάριτι
636 1487 682 1515 καὶ
702 1488 797 1526 φιλαν·
814 1495 833 1517 D

29 1531 148 1572 θρωπίᾳ,
162 1532 207 1560 καὶ
225 1531 255 1560 τὰ
272 1532 338 1567 ἑξῆς.

61 1917 70 1929 ·
89 1910 163 1941 [πλὴν
177 1911 322 1936 inseruimus
335 1919 363 1935 es
378 1913 404 1935 Α.
420 1912 445 1935 Β,
458 1917 483 1936 et
493 1920 573 1944 marg.
586 1910 676 1943 savit]

718 171 763 193 At)
790 170 865 193 COR.

896 171 1014 193 uoaut..
1044 171 1166 194 xxxvi.
1536 161 1603 208 587

858 232 957 272 probro
973 239 999 261 et
1013 232 1175 261 contumelia
1193 232 1281 261 affecti
1298 239 1323 261 et
1338 233 1475 272 sepultura
1490 235 1602 273 privati,

858 288 939 316 quam
953 285 1132 316 assequuntur
1143 278 1224 306 etiam
1236 278 1283 316 qui
1295 278 1394 306 nefaria
1405 287 1601 318 perpetrarunt.

859 324 946 354 Easne
956 336 1027 365 ergo,
1038 325 1093 362 dic,
1108 336 1182 364 rogo,
1191 325 1280 353 adhuc
1292 325 1442 355 amabimus
1455 337 1515 365 quae
1526 327 1603 356 nobis

858 378 919 400 sunt
933 371 998 400 adeo
1019 372 1119 400 infestae
1134 379 1159 400 et
1174 371 1310 400 inimicae?
1326 372 1511 411 Nequaquam,
1526 383 1602 412 rogo,

858 428 1026 456 nequaquam
1056 418 1166 453 fratres,
1187 418 1233 446 sed
1258 417 1413 456 fugiamus,
1436 429 1483 447 nec
1506 419 1601 448 faeiem

858 463 892 492 ad
909 475 939 493 ea
953 471 1024 493 retro
1040 471 1234 501 vertamus5et
1244 465 1264 493 si
1278 464 1304 493 in
1317 475 1412 493 manus
1427 472 1530 494 nostras
1552 477 1602 494 ve·-

858 512 944 540 nerint
957 536 963 548 ,
979 524 1011 542 ne
1033 513 1105 541 intus
1120 513 1296 549 retineamus,
1313 513 1358 542 sed
1385 524 1429 542 eas
1451 525 1600 553 pauperum

858 560 982 588 manibus
995 560 1146 599 alligemus.
1158 560 1220 589 Haec
1236 560 1307 589 enim
1329 561 1435 589 vincula
1451 571 1494 589 eos
1514 561 1600 600 magis

857 613 967 644 possunt
981 607 1105 641 retinere,
1125 613 1150 635 et
1166 617 1314 644 numquam
1336 607 1465 645 effugient
1489 618 1524 636 ex
1548 607 1602 636 illis

857 652 1009 690 penuariis3
1022 653 1132 691 istmque
1148 652 1237 681 inssdae
1253 652 1286 681 de
1301 660 1395 682 caetero
1409 661 1516 682 manent
1531 654 1599 682 fide-

857 697 909 734 les,
923 699 1049 738 placidae,
1071 706 1228 737 mansuetae,
1241 701 1416 740 eleemosyna¹
1436 700 1546 730 dextera
1563 701 1601 730 sic

856 751 1036 773 commutatae.
1049 745 1197 784 Siquando
1212 756 1274 784 ergo
1290 745 1353 785 ipsae
1372 746 1405 774 ad
1426 757 1473 775 nos
1486 758 1602 776 accesse-

854 790 919 828 rint,
936 791 987 831 ipsi
999 802 1042 820 eas
1054 792 1257 821 t1·adamus:sin
1274 801 1364 821 autem
1379 804 1431 822 non
1447 794 1596 831 adfuerint,

855 847 887 865 ne
901 848 1063 875 quaeramus,
1082 849 1128 867 nec
1156 850 1203 867 nos
1227 839 1299 878 ipsos
1320 840 1497 877 suffocemus,
1514 851 1601 879 neque

854 894 897 911 eos
924 884 969 922 qui
997 884 1094 913 liabent
1120 885 1212 914 beatos
1236 885 1430 915 existimemus.
1458 887 1600 922 Quomodo

853 927 924 955 enim
940 928 1034 956 beatus
1048 929 1093 957 hic
1107 929 1319 959 existimandus?
1339 931 1391 959 nisi
1412 942 1455 960 eos
1475 932 1522 970 qui
1538 942 1599 960 cum

852 974 944 1002 bestiis
958 982 1078 1013 pugnant
1094 976 1185 1004 beatos
1201 976 1314 1013 dixeris,
1328 977 1400 1015 quod
1415 977 1441 1006 iu
1456 978 1540 1017 pretio
1552 979 1600 1007 ha-

851 1020 920 1049 bitas
944 1020 1004 1049 illas
1026 1021 1124 1050 bestias
1141 1022 1194 1050 sihi
1215 1022 1332 1051 inclusas
1356 1031 1462 1052 servent
1476 1025 1521 1062 qui
1538 1025 1600 1053 talia

851 1075 1005 1106 proponunt
1017 1068 1171 1103 certamina,
1186 1068 1237 1108 ipsi
1252 1079 1304 1097 non
1326 1069 1453 1098 audentes
1476 1070 1600 1100 accedere

851 1124 898 1142 nec
914 1121 1022 1153 tangere
1032 1137 1040 1151 ,
1057 1114 1104 1143 sed
1126 1116 1197 1154 ipsas
1221 1115 1394 1145 formidantes
1410 1123 1435 1145 et
1450 1118 1598 1146 contremi—

851 1167 958 1188 scentes.
972 1160 1030 1189 Hoc
1049 1160 1138 1200 ipsum
1165 1161 1263 1190 accidit
1289 1161 1369 1190 etiam
1389 1162 1540 1199 divitibus,
1552 1164 1599 1202 qui

850 1213 986 1245 tamquam
1002 1206 1146 1236 immanem
1166 1207 1280 1237 bestiam
1302 1208 1413 1237 divitias
1435 1209 1600 1239 incluserunt

850 1252 877 1281 in
896 1253 1044 1292 penuariis,
1058 1260 1084 1282 et
1105 1254 1139 1282 ab
1162 1254 1220 1293 ipsa
1235 1254 1348 1293 singulis
1371 1254 1466 1284 diebus
1487 1256 1600 1285 vulnera

849 1300 985 1339 accipiunt
1003 1300 1231 1337 innumerabilia,
1254 1301 1389 1330 contrario
1413 1302 1494 1342 plane
1519 1302 1599 1331 modo

851 1357 932 1384 quam
954 1347 1002 1375 fiat
1023 1347 1051 1376 in
1073 1347 1174 1376 bestiis.
1191 1349 1260 1376 Nam
1278 1348 1331 1376 illae
1346 1348 1475 1387 quidem,
1492 1349 1599 1388 quando

849 1403 892 1422 eas
915 1392 1058 1430 eduxeris,
1074 1401 1138 1422 tunc
1156 1394 1270 1423 exitium
1289 1395 1407 1423 afferunt
1428 1395 1462 1424 iis
1476 1396 1522 1434 qui
1543 1396 1599 1425 illis

850 1447 1007 1468 occurrunt:
1019 1440 1075 1468 istae
1091 1447 1182 1469 autem
1196 1452 1259 1469 eum
1273 1441 1372 1470 fuerint
1385 1441 1493 1470 inclusae
1504 1449 1529 1471 et
1541 1454 1599 1471 ser-

850 1493 929 1522 vatae,
939 1493 1003 1515 tunc
1018 1497 1061 1515 eos
1075 1486 1191 1526 perdunt
1205 1487 1251 1526 qui
1264 1487 1335 1526 ipsas
1349 1487 1487 1527 possident
1502 1495 1527 1517 et
1541 1500 1596 1517 ser-

849 1540 922 1561 vant.
934 1533 988 1562 Sed
999 1544 1045 1562 nos
1056 1533 1171 1562 bestiam
1181 1533 1250 1562 hanc
1262 1533 1407 1563 reddamus
1421 1543 1596 1564 mansuetam.

854 1579 915 1608 Erit
935 1586 1024 1607 autem
1044 1586 1194 1616 mansueta,
1209 1580 1232 1608 si
1247 1591 1306 1608 eam
1325 1590 1378 1608 non
1392 1580 1580 1610 ineius-erimus
1590 1603 1598 1617 ‚

850 1625 896 1654 sed
911 1626 937 1654 in
949 1625 1069 1653 omnium
1081 1626 1216 1664 egentium
1231 1636 1325 1654 manus
1337 1626 1540 1655 adduxerimus.
1552 1627 1598 1656 Sic

851 1679 875 1701 et
886 1672 1005 1701 maxima
1017 1672 1086 1700 bona
1101 1671 1164 1700 inde
1180 1672 1370 1711 percipiemus,
1382 1679 1407 1700 et
1422 1673 1450 1701 in
1462 1673 1517 1701 vita
1529 1684 1598 1713 prae-

850 1720 917 1748 senti
937 1725 992 1747 tuto
1008 1729 1039 1747 ac
1053 1729 1145 1747 secure
1160 1725 1184 1746 et
1200 1729 1261 1747 cum
1281 1719 1351 1748 bona
1365 1729 1412 1758 spe
1427 1719 1558 1758 viventes,
1572 1727 1598 1749 et

851 1766 877 1794 in
892 1765 937 1793 die
951 1765 1041 1793 futuro
1056 1771 1154 1792 stantes
1165 1775 1225 1792 cum
1241 1764 1340 1793 fiducia
1351 1776 1443 1804 :quam
1459 1765 1538 1794 detur
1549 1777 1598 1795 no-

850 1812 892 1841 bis
908 1812 1033 1841 omnibus
1047 1813 1150 1850 assequi
1167 1811 1253 1850 gratia
1268 1818 1293 1840 et
1308 1811 1482 1851 benignitate,
1500 1819 1549 1842 etc.

309 2105 443 2134 OMlMA
463 2105 515 2139 λς’.

31 2194 162 2233 ’νὶδελφοὴ
191 2195 227 2232 μὴ
253 2196 346 2225 παιδία
363 2196 464 2236 γίνεσθε
486 2203 542 2232 ταῖς
566 2200 664 2240 φρεσὶν,
684 2201 752 2230 ἀλλὰ
767 2204 799 2241 τῇ

76 2241 157 2282 κακίᾳ
166 2243 304 2278 νηπιάζετε
313 2266 320 2279 ,
331 2249 387 2277 ταῖς
400 2245 426 2273 δὲ
438 2245 512 2285 φρεσὶ
525 2246 617 2275 τέλειοι
631 2247 739 2286 γίνεσθε.

70 2380 184 2415 Εἰκότως
194 2383 260 2420 μετὰ
271 2383 318 2418 τὴν
328 2384 427 2419 πολλὴν
439 2386 604 2422 κατασκευὴν
616 2388 660 2416 καὶ
672 2387 744 2424 τὴν
730 2390 793 2420 από-

30 2425 90 2459 δειξ·
89 2439 106 2454 ν
109 2428 294 2468 ,σφοδρότερον
309 2430 438 2470 κέχρηται
450 2434 487 2471 τῷ
502 2434 589 2473 λόγω,
601 2447 645 2463 και
661 2437 744 2466 πολλ
723 2450 744 2476 ῃ
761 2441 792 2477 τῇ

1078 2107 1237 2136 HOMtLtA
1261 2106 1399 2137 XXXVI.

852 2202 920 2230 Can.
936 2201 1014 2231 XIV.
1032 2212 1059 2231 v.
1073 2203 1119 2231 20.
1142 2203 1279 2236 Fratres,
1296 2202 1387 2229 nolite
1409 2203 1492 2241 pueri
1515 2202 1597 2240 effici

891 2251 1043 2284 mentibus,
1059 2250 1109 2277 sed
1119 2249 1236 2277 malitia
1245 2249 1364 2288 parvuli
1374 2255 1474 2284 estole,
1488 2251 1594 2278 menti-

892 2298 942 2325 bus
957 2303 1055 2324 autem
1063 2297 1186 2335 perfecti
1196 2302 1294 2324 estote.

891 2392 916 2418 1.
936 2389 1033 2419 Merito
1050 2396 1109 2429 post
1122 2389 1233 2417 multam
1249 2388 1479 2417 confirmationem
1500 2396 1525 2417 et
1544 2388 1594 2418 de-

850 2438 1066 2466 monstrationem
1088 2437 1206 2465 oratione
1228 2437 1313 2464 utitur
1341 2436 1538 2465 xcliementiore
1571 2444 1597 2466 et

29 2473 196 2511 ἐπιτιμήσει,
209 2475 446 2516 καιπαραδείγιιατ
437 2491 473 2511 ος
489 2479 622 2518 μέμνηται
634 2484 799 2519 καταλλῆλου
815 2485 833 2508 E
851 2483 1133 2535 multaincrepatioue,
1141 2482 1548 2522 etiuemiuitexemplipiasenti
1560 2484 1599 2512 ici

28 2521 66 2558 τῷ
80 2531 250 2561 υποκξῑμὶνω.
266 2523 318 2551 Καῑ
333 2523 383 2563 γαρ
396 2524 429 2553 τὰ
444 2538 537 2555 παῑῡῐα
556 2540 619 2568 προς
635 2542 681 2567 μεν
699 2531 732 2559 Τὰ
750 2544 794 2569 μι-

29 2565 79 2604 κρὰ
93 2577 186 2605 κεγΤνί
200 2579 243 2597 Χαῑ
258 2580 399 2609 Ξπτῦηταῑ,
413 2584 465 2601 ‘tow
476 2572 502 2602 Οὲ
516 2574 615 2615 σφοδρα
630 2577 751 2616 μεγαλων
762 2579 790 2607 Οὐ

853 2530 1032 2570 congruentis.
1051 2529 1158 2559 Pom-uli
1169 2529 1240 2557 enim
1252 2527 1286 2556 ad
1305 2539 1386 2567 parva
1401 2528 1510 2567 quidem
1526 2529 1600 2558 liiau-

855 2579 874 2608 ti
888 2589 934 2608 ore
949 2584 1055 2617 stupent
1068 2584 1092 2606 ct
1103 2577 1244 2611 mirantur,
1255 2587 1345 2605 rerum
1358 2583 1446 2606 autern
1458 2575 1538 2606 valde
1547 2588 1602 2606 ma-
