1845 2876
561 176 593 199 IN
621 174 727 198 ErtsT.
758 174 780 196 1.

75 253 124 274 νος.
139 240 207 270 Τότε
218 240 265 279 μὲν
278 239 329 278 γὰρ
342 239 386 268 καὶ
398 238 538 278 λογισμοὺς
552 233 584 273 ἧν
599 239 740 271 ἀνακινεῖν,
755 235 799 264 καὶ
812 236 844 270 τῆ

75 287 166 320 ἔξωθεν
181 288 325 325 κεχρῆσῦαι
344 285 423 325 σοφία
447 284 490 313 διὰ
512 286 559 319 τῆς
579 282 688 315 κτίσεως
709 292 843 320 χειραγω-

73 332 227 371 γουμένους·
239 335 282 361 νῧν
301 331 327 360 δὲ
343 331 372 359 ἂν
399 331 436 369 μή
451 343 491 363 τις
507 329 615 369 γένηται
639 327 740 367 μωρὸς,
755 326 845 355 τουτέ-

74 390 141 415 στιν,
167 379 197 408 ἂν
223 378 260 416 μὴ
290 378 377 406 πάντα
407 376 533 415 λογισμὸν
558 375 603 404 καὶ
622 379 708 403 πᾶσαν
741 372 843 410 κενώσῃ

75 425 176 465 σοφίαν,
196 425 241 453 καὶ
267 425 300 462 τῇ
325 423 414 452 πίστει
438 423 529 451 ἑαυτὸν
555 421 681 460 παραδῷ,
706 418 844 457 ἀμήχανον

74 474 200 507 σωθῆναι.
220 472 260 500 Οὐ
281 470 373 508 μικρὸν
394 470 478 498 τοίνυν
504 467 571 506 μετὰ
595 470 640 495 τοῦ
662 467 771 499 ποιῆσαι
800 466 844 503 ῥα·

75 517 132 546 δίαν
155 516 202 552 τὴν
226 516 292 551 ὁδὸν,
305 516 349 544 καὶ
373 515 477 552 νόσημα
504 513 650 543 ἀνέσπασεν
673 513 799 545 ἐντεῦθεν,
816 510 845 538 τὸ

75 563 112 602 μὴ
131 565 279 602 καυχᾶσθαι
301 561 368 600 μηοὲ
392 573 461 599 μεγα
483 572 559 599 φρονε
548 564 597 588 -ῖν·
610 558 704 590 ’Όπως
721 556 757 595 μὴ
782 568 845 585 καυ-

73 621 192 649 χησηται
204 613 277 637 πᾶσα
291 607 364 646 σάρξ.
380 607 442 635 &ro
456 606 506 645 γὰρ
521 604 612 634 τούτου
627 607 643 639 ἡ
659 602 791 642 ἁμαρτία,
805 615 845 631 οτι

75 654 218 694 σοφώτεροι
232 666 283 683 των
303 666 348 682 του
361 654 430 682 Θεοῦ
448 651 534 690 νόμων
553 654 618 679 εἰναι
637 648 845 688 ἐφιλονείκησαν,

74 703 102 731 οὗ
124 701 239 733 θέλοντες
259 699 327 729 οὕτω
342 702 433 737 μαθεῖν
454 700 489 730 ὥς
504 709 580 729 αυτος
594 695 775 734 ἐνομοθέτησε.
793 694 846 724 Διὰ

73 750 150 776 τοῦτο
163 746 221 776 οὐδὲ
233 747 298 779 ὅλως
319 745 424 783 ἔμαθον.
437 743 516 773 Οὕτω
531 743 575 771 καί
594 742 620 775 ἐξ
637 742 722 780 ἄρχ’ἧς
733 740 844 779 ἐγένετο.

75 788 144 822 Eine
153 795 192 832 τῷ
207 792 290 830 Ἀδάμ
300 804 306 810 ·
320 791 380 821 τόδε
392 803 418 819 τι
433 790 542 829 πρᾶξον,
554 788 599 817 καὶ
609 787 667 816 τόδε
683 787 720 825 μὴ
736 786 845 825 πράξῃς.

75 839 221 871 Ἐκεῖνος<
208 851 242 871 ως
257 837 335 867 πλέον
353 849 379 865 τι
389 836 501 874 νομίζων
516 834 656 874 εὑρίσκειν,
675 832 827 871 παρήκουσε
837 855 844 867 ,

612 878 654 897 5,-⁶⁴

75 897 120 914 και
135 885 212 938 ὅπερ...
213 888 291 923 εἶχεν,
307 882 452 912 ἀπώλεσεν.
462 877 530 910 Εἰπε
545 884 597 912 τοῖς
610 890 684 913 εςης,
703 877 764 915 μὴ
753 889 847 906 εναπο-

76 930 212 968 μένετετῇ
234 929 331 963 κτίσει,
347 927 415 956 ἀλλὰ
439 926 482 955 διὰ
501 925 599 959 ταύτης
620 924 664 952 τὸν
687 923 846 978 δημιουργὸν

812 173 856 196 ΑΒ
883 174 957 197 COR·

861 468 879 490 D

987 175 1103 197 1101111..
1134 176 1170 198 v.
1594 172 1633 208 2‘51

895 235 946 264 nisi
957 235 1018 274 quis
1032 237 1130 266 stultus
1141 237 1198 275 fiat,
1213 237 1242 267 id
1253 244 1302 275 est,
1315 238 1366 267 nisi
1377 248 1454 267 omne
1470 238 1640 267 ratiocinium

895 289 919 311 ct
937 293 1043 312 omnem
1060 284 1221 323 sapientiam
1245 292 1354 313 evacuet
1373 296 1403 314 ac
1420 285 1483 314 fidei
1498 295 1524 313 se
1539 284 1638 322 tradat,

895 329 997 357 servari
1012 330 1112 367 nequit.
1127 331 1187 358 Non
1202 341 1296 369 parum
1311 331 1394 369 igitur
1408 338 1464 365 est,
1479 330 1553 369 quod
1576 341 1638 359 cum

895 374 968 403 viam
989 375 1093 403 facilem
1115 375 1283 413 reddiderit,
1300 376 1424 404 morbum
1447 387 1554 415 quoque
1577 376 1639 405 inde

895 427 984 449 ortum
996 421 1132 458 evulserit,
1145 428 1174 450 ut
1189 432 1239 450 non
1257 422 1405 460 glorientur
1421 422 1540 450 homines
1555 432 1639 460 neque

894 467 980 495 altum
1002 467 1124 506 sapiant:
1142 469 1180 496 Ut
1193 478 1252 496 non
1276 468 1418 507 glorietur
1438 469 1532 495 omnis
1556 478 1637 496 caro.

896 512 966 541 Hinc
976 513 1047 542 enim
1058 520 1196 553 peccatum
1210 520 1300 542 ortum
1314 521 1362 550 est,
1378 513 1451 552 quod
1462 513 1513 542 Dei
1535 513 1640 552 legibus

895 569 923 588 se
933 559 1106 599 sapientiores
1118 570 1173 588 esse
1187 559 1388 596 contenderint,
1405 559 1524 588 nolentes
1541 559 1577 587 ita
1597 559 1642 588 di-

895 616 967 635 scere
981 613 1011 635 ut
1023 607 1069 636 ille
1082 607 1228 636 constituit.
1241 607 1382 646 Propterea
1392 617 1476 644 neque
1485 605 1523 635 sic
1532 606 1641 635 omnino

895 652 1056 682 didicerunt.
1078 653 1123 682 Sic
1137 653 1218 682 etiam
1236 653 1335 681 sactum
1351 659 1390 681 est
1405 652 1439 681 ab
1460 652 1546 680 initio.
1565 652 1643 681 Dixit

896 698 1010 736 Adamo,
1018 699 1074 728 Hoc
1085 700 1138 737 fac,
1154 699 1205 728 hoc
1217 709 1250 728 ne
1260 698 1362 727 feceris.
1370 698 1420 727 Ille
1431 709 1458 726 se
1466 697 1544 737 plura
1554 708 1642 737 reper-

896 751 987 773 turum
998 756 1117 785 sperans,
1130 746 1294 784 obsequutus
1306 755 1359 773 non
1374 751 1423 781 est,
1431 751 1456 773 et
1467 743 1542 783 quod
1556 744 1643 773 habe-

896 792 941 821 bat
955 792 1082 832 perdidit.
1098 792 1177 820 Dixit
1191 792 1224 820 iis
1243 790 1290 829 qui
1304 797 1395 830 postea
1412 791 1494 827 fuere,
1506 791 1545 819 Ne
1564 790 1591 819 in
1615 800 1644 819 m

896 845 983 867 creata
999 837 1145 873 consistite,
1154 836 1199 866 sed
1209 847 1256 876 per
1269 836 1344 864 illam
1360 836 1513 864 Creatorem
1524 842 1643 864 contem-

895 883 1018 923 plamini.
1035 884 1080 912 Illi
1094 890 1200 917 autem,
1216 882 1292 921 quasi
1307 881 1373 920 quid
1392 881 1471 910 dictis
1494 881 1642 921 sapientius

896 929 1077 965 invenissent,
1103 928 1257 957 innumeros
1283 935 1426 957 moverunt
1459 927 1641 967 labyrinthos.

73 978 204 1014 θεωρεῖτε.
226 973 338 1003 Ἐκεῖνοι
355 974 441 1008 δῆθεν,
453 974 488 1004 ὣς
502 969 651 1010 σοφώτ-ρόν
667 980 693 996 τι
705 970 781 996 ’ὧν
770 969 845 1007 Ξῖρη-
862 967 880 989 E
898 976 1068 1014 Quapropter
1079 982 1104 1003 et
1122 984 1211 1003 secum
1226 980 1252 1002 et
1271 973 1341 1001 inter
1355 984 1382 1002 se
1398 980 1492 1002 mutuo
1509 974 1642 1002 conflixe—

75 1021 160 1059 μένων
187 1020 362 1059 εὑρίσκοντες,
387 1017 493 1057 μυρίους
520 1016 644 1051 ἐκίνησαν
665 1013 845 1053 λαὸυρίνθους

74 1066 126 1096 Διὰ
141 1069 218 1095 τοῦτο
236 1077 281 1094 και
301 1066 402 1097 ἑαυτοῖς
423 1063 468 1092 καὶ
494 1061 618 1096 ἀλλήλοις
636 1059 844 1098 συνερράγησαν,

74 1125 120 1141 και
131 1113 189 1142 οὔτε
204 1111 247 1140 τὸν
258 1111 325 1141 Θεὸν
338 1113 421 1149 εὗρον,
433 1109 493 1138 οὔτε
504 1120 564 1147 περι
575 1119 622 1142 της
638 1105 749 1138 κτίσεώς
760 1117 786 1133 τι
801 1116 847 1134 σα-

73 1158 148 1198 eps-:¹
134 1170 259 1198 εγνωσαν,
270 1157 327 1186 οῧοὲ
338 1156 522 1196 προσήκουσαν
537 1166 582 1183 και
595 1154 681 1187 ἁληθῆ
692 1151 753 1191 περὶ
766 1152 846 1186 αὐτῆς

75 1204 178 1238 δόξαν’
164 1216 250 1244 εσχον.
261 1203 312 1232 Διὰ
321 1214 397 1232 τουτο
411 1201 513 1231 πάλιν’
502 1213 531 1229 εκ
541 1201 638 1228 πολλου
654 1200 700 1226 τοῦ
712 1196 846 1236 περιόντος

73 1250 122 1287 τὴν
143 1251 228 1285 οἴησιν
250 1251 334 1278 αυτῶν
357 1249 500 1286 καθαιρων,
515 1257 574 1277 τους
597 1243 703 1276 ιοιώτας
727 1242 847 1283 πρώτους

75 1297 216 1335 εἰσηγαγε,
237 1295 320 1329 δείξας
333 1295 391 1327 ὡς
383 1293 479 1326 πάντες
500 1293 547 1326 τῆς
571 1291 669 1319 ἄνωθεν
686 1288 788 1318 δεονται
803 1301 847 1318 σο·

74 1343 144 1383 φίας.
158 1343 198 1372 Οὐ
221 1341 298 1380 μόνον
313 1340 339 1369 δε
354 1342 381 1368 ἐν
399 1341 436 1368 τῶ
450 1350 511 1377 περι
532 1335 653 1376 γνώσεως
673 1335 763 1374 λόγω,
778 1333 845 1363 ἀλλὰ

71 1389 118 1418 καὶ
135 1393 188 1422 τοῖς
200 1388 287 1420 ἄλλοις
311 1387 395 1415 ατασι
406 1397 452 1414 και
477 1382 629 1439 ἀνθρώπους
651 1381 696 1410 καὶ
716 1381 751 1409 τὰ
775 1380 844 1408 ἄλλα

71 1435 161 1465 πάντα
178 1434 313 1472 κτίσματα
328 1434 353 1461 ἐν
375 1432 461 1470 πολλῇ
476 1430 554 1470 χρεία
574 1429 652 1457 αυτοῦ
673 1428 844 1462 κατέστνσεν,

71 1482 115 1510 ἵνα
131 1480 258 1520 μεγίστην
280 1477 428 1519 ἀφορμὴν”
414 1490 462 1517 fissi
476 1477 520 1506 καὶ
536 1476 633 1509 ταύτην
649 1475 783 1512 ὑποσαγῆς
799 1485 845 1501 και

71 1527 236 1562 οἶκειώσεως,
260 1525 324 1554 “ilva
339 1525 376 1563 μὴ
398 1523 609 1559 ἀποτι-ηδησαντα
635 1522 779 1555 ἀπόληται.
793 1518 844 1547 Διὰ

71 1575 150 1602 τοῦτο
168 1573 214 1601 οὒκ
229 1573 328 1611 ἀφῆκεν
350 1570 488 1610 αὐτάρκεις
504 1568 596 1601 αὐτους
611 1571 712 1600 ,αυτοῖς
723 1569 798 1595 εἰναι.
811 1566 845 1594 Εἷ

71 1618 180 1659 γὰρκαὶ
193 1621 237 1647 νῦν
250 1619 331 1656 ἐνχρε
320 1616 360 1655 ίᾳ
369 1617 440 1649 ὄντες
451 1615 770 1653 πολλοικαταφρονουσιν,
779 1609 844 1649 εἰμὴ

72 1677 148 1694 τουτο
162 1668 204 1701 ἠν,
218 1666 268 1693 ποῦ
283 1665 329 1692 οὐκ
348 1662 377 1690 ἂν
400 1661 533 1696 εξτλθον(
523 1659 680 1700 υπεροψίας;
695 1657 707 1673 ¹³
718 1658 800 1686 ζΏστε
816 1657 845 1685 τὸ

72 1723 142 1740 ουτω
156 1713 306 1749 καυγασθαι
318 1710 346 1738 οὐ
360 1709 458 1747 φθονῶν
470 1708 557 1739 αὖτοῖς
573 1707 683 1742 ἀνεῖλεν,
695 1704 752 1733 ἀλλ’
767 1702 845 1742 αἶρέ)-

72 1769 124 1787 >ιων
137 1756 228 1789 αὐτους
242 1757 289 1790 τῆς
304 1756 380 1784 ἀπω)
382 1753 435 1786 είας
446 1755 492 1788 τῆς
505 1755 620 1782 εντευθεν
632 1749 781 1788 γινομένης
798 1748 844 1781 ’ΞζΙ
833 1760 844 1767 ’

74 1805 152 1833 αὐτοῦ
168 1803 195 1832 δὲ
210 1804 283 1840 ὑμεῖς
296 1803 355 1830 ε’στε
378 1803 404 1829 εν
427 1801 535 1856 Χριστῦ
558 1799 662 1834 Ἰησοῦ,
684 1797 711 1829 ὃς
735 1795 844 1834 ἐγενήθη

72 1852 137 1888 ἡμῖν
154 1848 233 1888 σοφία
255 1847 307 1877 ἀπὸ
320 1848 404 1882 Θεοῦ,
419 1857 465 1874 και
488 1844 640 1879 δικαιοσύνη
655 1843 700 1872 καὶ
716 1841 845 1881 ἁγιασμὸς

71 1896 118 1925 καὶ
141 1894 331 1933 ἀπολύτρωσις.
347 1893 404 1928 Το,
419 1891 465 1925 Ἐξ
489 1893 585 1927 αὐτου,
603 1891 713 1919 ἐνταῦθα
733 1890 762 1916 οὐ
784 1888 845 1927 περὶ

72 1943 122 1976 τῆς
136 1943 172 1973 εἷς
180 1941 210 1969 τὸ
226 1943 292 1968 εἰναι
308 1950 470 1978 παραγωγης
485 1940 560 1975 οἶμαι
573 1936 660 1975 λέγειν
674 1934 761 1970 αὐτὸν,
777 1933 845 1962 ἀλλα

73 1999 135 2027 περι
146 1999 193 2021 της
202 1986 328 2018 πίστεως·
341 1983 501 2020 τουτέστι,
490 1982 569 2011 τέκνα
579 1983 648 2011 Θεου
662 1980 782 2019 γενέσθαι
798 1981 845 2008 οὐκ

74 2031 102 2066 ἐξ
121 2031 240 2070 αιμάτων
254 2030 312 2060 ουδὲ
328 2032 357 2059 ἐκ
371 2032 398 2058 θε
388 2029 519 2067 ελήματος
525 2027 643 2084 Νσαρκός.
656 2025 704 2061 Μὴ
719 2025 845 2064 νομίσητε

73 2078 170 2114 τοίνυν,
185 2077 226 2106 ὅτι
240 2076 397 2116 ἀφελόμενος
411 2077 483 2113 ἡμᾶς
496 2076 540 2103 τοῦ
556 2073 744 2113 καυχήματος,
760 2071 845 2100 εἴασεν

75 2123 160 2152 οὕτω·
179 2125 266 2161 μεῖζον
288 2121 339 2178 γὰρ
359 2121 446 2160 ἕτερον
469 2120 550 2149 ἔδωκε
574 2119 710 2158 καύχημα.
726 2117 844 2146 Ἐκείνου

74 2169 127 2209 γαρ
141 2169 250 2197 ἐνώπιον
272 2170 300 2197 οὗ
319 2169 357 2196 δεῖ
379 2169 536 2206 καυχασῢαι.
553 2166 652 2197 Παῖδες
671 2165 748 2192 αὐτου
771 2163 846 2197 ἐστε,

77 2215 120 2244 δια
141 2217 186 2243 τοῦ
208 2215 323 2252 Χριστοῦ
341 2224 418 2242 τουτο
431 2211 574 2251 γενόμενοι.
592 2210 646 2240 Καὶ
663 2211 736 2238 ἐπειο
726 2208 754 2244 ὴ
771 2211 844 2243 εἰπε,

75 2262 101 2291 Τ
103 2261 120 2290 ὰ
140 2260 216 2299 μωρὰ
238 2262 282 2288 τοῦ
309 2259 408 2296 κόσμου
432 2257 566 2291 ἐξελέξατο
594 2255 639 2285 καὶ
668 2255 702 2284 τα
728 2255 826 2292 ἀγεννῆ
836 2275 843 2288 ,

75 2307 203 2336 δείκνυσιν
225 2305 265 2335 ὅτι
282 2304 386 2333 πάντων
407 2302 470 2332 εἰσὶν
494 2302 681 2341 εὐγενέστεροι,
707 2301 751 2329 τὸν
777 2299 845 2329 Θεὸν

75 2353 177 2393 ἔχοντες
193 2351 306 2390 πατέρα.
320 2351 377 2385 Τἧς
391 2349 418 2378 δὲ
434 2347 562 2387 εὐγενείας
575 2347 671 2383 ταύτης
688 2348 736 2386 οὐχ
748 2349 761 2375 ὁ
777 2346 847 2374 δεῖνα

107 2464 117 2475 ¹
127 2455 260 2490 [Exest-1².
288 2456 421 2482 ‚tumetra-2
417 2457 597 2482 ‚accesserunt
607 2459 638 2475 ex
650 2456 756 2482 utroque
766 2448 831 2475 cod.

76 2501 162 2521 nostro
174 2500 199 2519 et
211 2502 290 2526 marg.
303 2492 379 2517 Saxit.
391 2493 423 2516 Et
435 2491 568 2516 continent
579 2498 607 2514 ea
621 2490 770 2513 sententiam
785 2489 834 2512 mi-

76 2534 143 2560 nime
165 2535 282 2560 otios-tm.
297 2531 385 2556 Falsus
408 2539 468 2557 vero
489 2530 569 2555 tuerat
588 2527 835 2560 Montt.subjecmn1

861 1892 878 1914 B

896 1029 959 1050 runt
962 1019 1213 1059 acnequeDeum
1206 1029 1315 1048 invenci
1318 1026 1365 1047 unt
1367 1018 1644 1057 ,nequederecreata

896 1067 964 1105 quid
975 1068 1046 1096 clare
1057 1072 1200 1102 noverunt,
1213 1075 1297 1103 neque
1308 1071 1499 1103 congruentem
1512 1070 1537 1092 et
1550 1074 1644 1093 veram

895 1113 966 1142 circa
980 1123 1039 1142 eam
1051 1111 1204 1152 opinionem
1216 1111 1377 1139 habuerunt.
1392 1110 1456 1138 Ideo
1468 1120 1577 1138 rursum
1585 1120 1644 1138 ma-

896 1170 947 1199 gna
962 1160 990 1189 vi
1001 1159 1111 1188 illorum
1125 1157 1282 1197 opinionem
1293 1156 1440 1192 decutiens,
1453 1155 1576 1184 indoctos
1589 1156 1645 1195 pri·

896 1217 971 1235 mum
995 1200 1113 1241 induxit,
1132 1203 1272 1232 ostendens
1293 1214 1385 1232 omnes
1401 1213 1516 1242 superna
1540 1202 1647 1242 sapien-

895 1253 933 1281 tia
944 1263 1010 1292 opus
1021 1251 1131 1280 habere.
1145 1250 1239 1288 Neque
1254 1249 1335 1278 modo
1351 1249 1377 1277 in
1393 1248 1552 1288 cognitionis
1567 1248 1647 1277 ratio-

895 1310 939 1336 ne,
953 1298 999 1327 sed
1012 1305 1039 1327 et
1053 1298 1080 1326 in
1092 1297 1153 1326 aliis
1167 1296 1294 1325 omnibus
1309 1296 1430 1324 homines
1443 1302 1470 1324 et
1492 1305 1584 1324 omnes
1604 1305 1647 1324 res

896 1352 995 1374 creatas
1013 1344 1122 1373 omnino
1136 1354 1204 1382 opus
1217 1342 1317 1370 habere
1339 1342 1381 1370 sui
1397 1341 1495 1377 voluit,
1513 1348 1542 1369 ut
1564 1340 1646 1370 etiam

896 1391 959 1420 hinc
969 1391 1116 1420 maximam
1130 1389 1262 1418 haberent
1283 1388 1448 1417 occasionem
1460 1394 1485 1416 et
1497 1386 1645 1426 subjectio-

895 1438 936 1467 nis
954 1445 980 1467 et
992 1435 1256 1471 necessitudinis‚ne
1274 1434 1420 1463 resilientes
1439 1434 1646 1474 peri1·ent.ldeo

895 1495 948 1513 non
966 1483 1087 1523 permisit
1098 1490 1126 1510 ut
1135 1481 1265 1520 sibiipsis
1277 1480 1342 1509 satis
1350 1487 1446 1509 essent.
1456 1481 1525 1508 Nam
1539 1480 1561 1508 si
1574 1489 1645 1508 nunc

893 1529 974 1558 etiam
989 1539 1051 1558 cum
1065 1529 1123 1557 Deo
1141 1537 1208 1566 opus
1224 1526 1348 1563 habeant,
1366 1525 1445 1554 multi
1468 1525 1620 1565 despiciunt
1634 1537 1642 1559 ;

894 1575 945 1604 nisi
959 1575 1011 1604 hoc
1027 1574 1133 1610 suisset,
1154 1583 1207 1611 quo
1224 1572 1356 1611 superbiae
1370 1582 1423 1600 non
1438 1571 1617 1600 ascendissent
1632 1572 1646 1599 'z'

893 1622 985 1659 Itaque
1000 1627 1100 1649 tantam
1116 1618 1207 1658 gloriae
1222 1617 1437 1651 ostentationem,
1453 1628 1504 1646 non
1521 1627 1553 1646 ex
1570 1617 1645 1645 invi-

894 1667 940 1696 dia
955 1667 1001 1695 ille
1015 1666 1131 1702 sustulit,
1141 1664 1188 1693 sed
1203 1670 1231 1692 ut
1243 1663 1389 1692 retraheret
1402 1663 1462 1692 illos
1477 1674 1512 1692 cx
1525 1664 1644 1703 pernicie

895 1713 1049 1753 indeparta.
1061 1712 1111 1740 50.
1123 1712 1171 1740 Ea:
1181 1713 1243 1749 ipso
1256 1716 1353 1738 autem
1372 1720 1428 1738 vos
1438 1712 1506 1738 escis
1520 1712 1550 1737 in
1562 1710 1648 1738 Chri-

894 1766 938 1788 sto
950 1760 1032 1793 Jesu,
1049 1760 1100 1797 qui
1109 1758 1211 1796 sactus
1224 1762 1266 1784 est
1282 1757 1364 1783 nobis
1377 1757 1522 1793 sapientia
1537 1765 1555 1782 a
1565 1756 1641 1789 Deo,

896 1812 924 1835 et
932 1806 1052 1845 justitia
1060 1810 1088 1833 et
1101 1802 1298 1842 sanctificatio
1309 1808 1336 1830 et
1347 1802 1494 1830 redemtio.
1503 1801 1588 1839 Illud,
1597 1803 1646 1830 Ex

896 1855 971 1892 ipso,
985 1861 1037 1880 non
1054 1849 1086 1878 de
1099 1848 1275 1889 productione
1288 1847 1322 1876 ad
1338 1848 1480 1876 essentiam
1492 1847 1582 1887 ipsum
1597 1847 1645 1876 di-

897 1909 954 1927 cere
964 1904 1045 1937 puto,
1061 1895 1108 1925 sed
1118 1894 1151 1923 de
1162 1894 1217 1923 fide
1230 1905 1238 1931 ;
1254 1893 1284 1922 id
1303 1900 1361 1930 est,
1376 1893 1447 1922 filios
1462 1894 1512 1922 Dei
1532 1894 1587 1923 fieri
1603 1893 1649 1922 di-

897 1945 945 1981 eit,
956 1954 1008 1972 non
1022 1940 1242 1980 exsanguinibus
1255 1950 1341 1978 neque
1350 1950 1384 1968 ex
1399 1940 1536 1969 voluntate
1548 1940 1649 1968 carnis.

898 1991 938 2019 Ne
953 1987 1111 2018 existimetis
1125 1997 1199 2026 ergo,
1216 1992 1360 2025 postquam
1377 1996 1392 2013 a
1416 1986 1575 2024 gloriatione
1598 1996 1647 2014 nos

897 2045 1041 2074 exemerat,
1051 2038 1090 2067 sic
1100 2036 1241 2075 reliquisse
1249 2035 1343 2064 :aliam
1353 2035 1425 2065 enim
1437 2037 1565 2076 majorem
1571 2035 1647 2065 dedit

897 2090 1092 2130 gloriationem.
1101 2088 1133 2116 In
1151 2093 1294 2126 conspectu
1308 2086 1379 2115 enim
1394 2087 1452 2126 ejus
1467 2097 1520 2116 non
1543 2093 1648 2126 oportet

898 2140 1018 2180 gloriari.
1036 2138 1100 2168 Filii
1114 2138 1170 2177 ejus
1184 2137 1247 2166 estis
1257 2159 1264 2171 ,
1276 2137 1328 2166 hoc
1348 2137 1410 2166 facti
1426 2148 1473 2177 per
1496 2138 1644 2166 Christum.

899 2192 935 2220 Et
949 2198 1089 2231 postquam
1103 2188 1186 2223 dixit,
1201 2187 1297 2217 Stulta
1309 2189 1411 2216 mundi
1424 2189 1510 2227 elegit
1524 2195 1551 2217 et
1561 2191 1646 2227 igno-

899 2243 984 2281 bilia,
1000 2240 1115 2271 ostendit
1132 2239 1193 2268 illos
1216 2249 1272 2268 esse
1289 2239 1412 2268 omnium
1432 2239 1585 2275 nobiliores,
1599 2240 1646 2278 qui

899 2295 988 2322 Deum
1015 2299 1120 2332 patrem
1143 2289 1269 2319 habeant.
1283 2290 1371 2330 Hujus
1394 2301 1473 2330 porro
1497 2289 1647 2319 nobilitatis

900 2354 953 2373 non
968 2343 1012 2372 hic
1024 2342 1067 2372 vel
1081 2342 1138 2380 ille,
1152 2340 1197 2370 sed
1212 2340 1335 2369 Christus
1351 2340 1428 2369 vobis
1441 2351 1518 2368 causa
1535 2346 1584 2377 est,
1599 2342 1646 2379 qui

884 2447 955 2473 verbi
973 2451 1014 2481 ἔχῃ
1032 2447 1112 2471 Deum
1133 2453 1184 2470 esse
1203 2449 1303 2476 putans.
1317 2442 1440 2467 Praeterea
1458 2444 1487 2470 Α,
1502 2447 1543 2479 ἔχῃ
1562 2447 1587 2474 δή
1600 2454 1646 2478 pro

884 2491 924 2521 ἔχῃ
938 2487 995 2518 κατὰ]

919 2528 931 2545 1·
948 2526 994 2560 [Α.
1009 2528 1065 2551 :zm
1078 2526 1126 2556 οὐχὶ
1140 2526 1167 2548 τὸ
1181 2524 1304 2553 καυχᾶσθαι
1316 2521 1421 2553 Momm]

1458 2567 1485 2594 k.
