1891 2866
268 130 276 150 1
286 119 330 164 08

260 191 340 226 enim,
356 190 449 227 inquit,
462 190 540 228 quod
563 199 660 218 omnes
679 192 830 219 scientiam
841 191 990 220 habemns.

261 238 329 265 Nam
340 236 361 264 si
374 236 433 265 illos
441 236 526 264 altum
545 246 635 275 sapere
647 236 744 273 sinens,
760 237 846 276 primo
859 237 993 266 ostendis-

261 291 297 312 set
318 294 372 312 rein
387 294 441 311 esse
459 283 518 311 aliis
541 283 660 321 noxiam,
679 294 729 312 non
743 291 845 312 tantuin
859 284 992 321 utilitatis,

261 337 391 367 quantum
414 329 505 358 damni
535 330 674 358 attulisset.
708 330 871 358 Ambitiosus
895 330 995 368 quippe

261 376 376 411 animus,
395 387 456 405 cum
470 376 556 415 aliqua
573 387 601 404 re
629 386 655 404 se
671 376 759 404 ornari
785 383 869 414 putat,
894 375 995 403 etiamsi

260 421 320 450 aliis
334 422 367 450 sit
389 421 477 457 noxia,
493 433 551 450 eam
566 421 716 450 accuratius
744 421 838 449 retinet
861 420 895 448 ob
922 429 996 447 vanae

261 467 352 505 gloriae
363 467 541 506 tyrannidem.
557 467 618 495 ldeo
628 467 727 495 Paulus
743 466 828 505 primo
849 476 904 493 rem
924 471 954 492 ut
969 465 995 492 in

259 523 287 541 sc
297 520 335 541 est
349 513 493 549 examinat,
507 520 535 542 nt
551 513 620 541 circa
636 519 772 540 externam
787 511 943 550 sapientiam
953 521 995 538 su-

259 561 349 600 perius
360 561 430 597 fecit,
448 561 521 589 illam
533 561 640 588 omnino
652 559 785 598 dejiciens.
802 558 852 586 Sed
867 558 923 586 illic
938 557 998 596 qui-

598 129 623 151 S.
646 129 784 151 JOANMS
809 129 984 152 cnm'SOST.
1009 131 1163 154 Altonum.
1192 130 1456 154 CONSTANTINOP.

1046 193 1140 226 ἔδειξεν
1161 193 1301 225 ἐπιὸλαίὲς
1322 192 1349 221 ὂν
1373 192 1402 221 τὸ
1422 196 1532 231 πρᾶγμα
1553 190 1666 230 ἑτέροις,
1684 190 1757 219 οὐδὲν
1777 188 1806 218 &v

1045 241 1166 268 τοσοῦτον
1183 238 1329 278 ὠφέλησεν,
1345 237 1404 267 ὅσον
1418 237 1539 276 ἔὸλαψεν.
1553 236 1587 265 Ἥ
1601 236 1652 275 γὰρ
1675 236 1809 276 φιλότιμος

1045 284 1115 323 ψυχὴ
1125 307 1133 320 ,
1144 284 1204 313 ὅταν
1217 284 1260 313 ἐπὶ
1274 283 1325 312 τινὶ
1339 283 1551 319 καλλωπίζηται,
1568 282 1615 311 κᾶν
1629 281 1730 321 ἐτέρους
1745 281 1809 320 βλά-

1046 341 1099 368 τι-τῃ
1114 333 1205 363 τοῦτο,
1221 330 1319 368 σφόδρα
1332 330 1409 357 αὐτοῦ
1424 329 1512 367 ἔχεται
1526 328 1568 357 διὰ
1581 328 1628 363 τὴν
1648 330 1695 362 τῆς
1709 327 1809 356 κενοδο-

1048 375 1101 408 ξίας
1113 375 1259 415 τυραννίδα.
1275 375 1326 403 Δια
1340 378 1416 404 τοῦτο
1438 376 1541 408 Παῦλος
1555 376 1658 413 πρῶτον
1673 375 1734 403 αὐτὸ
1751 375 1809 402 καθ’

1047 421 1122 449 ἑαυτὸ
1143 421 1172 449 τὸ
1187 426 1298 460 πρᾶγμα
1311 420 1438 455 ἐξετάζει,
1453 420 1516 461 ὅπερ
1536 421 1580 449 καὶ
1603 420 1646 450 ἐπὶ
1660 422 1707 455 τῆς
1719 419 1810 459 σοφίας

1047 469 1094 501 τῆς
1108 466 1197 500 ἔξωθεν
1210 468 1235 495 ἐν
1249 471 1302 500 τοῖς
1318 467 1462 505 ἔμπροσθεν
1482 466 1602 503 ἐποίησε,
1621 467 1751 506 καθαιρῶν
1761 467 1810 495 αὗ-

1047 512 1094 547 τὴν
1118 514 1174 550 μεθ’
1196 513 1348 551 ὓπερέολῆς.
1372 512 1442 541 Ἀλλ’
1465 514 1518 541 ἐκεῖ
1542 513 1589 551 μὲν
1609 515 1684 541 τοῦτο
1706 511 1812 544 εἰκότως

1049 558 1144 586 ἐποίει·
1169 558 1228 587 ὅλον
1251 558 1302 598 γὰρ
1328 558 1412 587 διόλου
1434 558 1592 596 κατηγορίας
1618 557 1686 591 ἄξιον
1712 553 1744 592 ἦν
1767 557 1812 585 καὶ

260 606 319 635 dom
334 606 363 634 id
374 607 434 645 jure
455 606 582 638 faciebam
608 612 692 633 totum
714 605 784 632 enim
796 603 998 642 reprehensione
1015 613 1033 636 c
1048 603 1132 638 πολλὴ
1148 606 1164 638 ἡ
1180 604 1296 632 εὐκολία·
1311 603 1400 644 διόπερ
1414 603 1471 632 οὐδὲ
1486 604 1606 643 περιττὸν
1622 604 1684 632 αὐτὸ
1700 603 1812 632 δείκνυσι

259 652 372 691 dignum
397 659 461 687 erat,
487 658 511 679 et
532 651 618 679 facilis
634 660 674 678 res
697 656 752 678 erat
770 656 948 688 :quapropter
969 650 998 678 id

260 707 312 725 non
327 697 405 724 modo
426 706 662 734 supervacaneum,
677 694 723 722 sed
735 693 814 721 etiam
824 693 997 732 praedicatio—

260 743 286 770 ni
298 741 461 770 contrarium
474 752 528 768 esse
540 741 621 769 dixit.
643 740 694 768 Hic
706 746 794 768 autem
805 749 857 767 non
870 739 947 768 liceat
961 740 998 768 ita

260 789 361 816 facere:
374 798 434 815 nam
454 786 482 814 id
503 786 537 814 de
558 797 610 824 quo
632 786 760 824 agebatur
775 785 883 813 scientia
896 792 959 823 erat,
973 793 998 814 et

259 834 367 862 seientia
383 833 504 872 perfecta.
523 834 613 870 Neque
630 842 692 870 ergo
707 842 765 860 eam
782 831 896 870 dejicere
911 838 998 861 tutum

259 887 323 915 erat,
337 890 383 907 nec
402 879 478 907 aliter
498 878 592 907 licebat
607 879 705 907 fastum
718 889 751 906 ex
775 878 821 906 illa
842 886 998 918 conceptum

258 927 381 965 dejicere.
397 925 471 960 Quid
485 935 548 963 ergo
573 924 654 953 facit?
670 924 761 953 Primo
772 924 847 952 illam
862 925 999 953 ostendens

259 984 314 1002 esse
340 983 519 1008 communem,
539 972 646 1001 illorum
664 972 762 1000 fastum
783 971 918 1011 deprimit.
945 972 998 1008 Qui

259 1020 330 1048 enim
355 1030 482 1058 magnum
495 1018 636 1057 quidpiam
654 1025 679 1046 et
693 1017 836 1056 pulchrum
850 1018 957 1052 habent,
978 1018 999 1046 si

259 1066 310 1095 soli
324 1066 448 1101 habeant,
470 1064 553 1103 magis
575 1065 733 1100 efferuuiu1·;
748 1064 770 1092 si
784 1074 846 1092 vero
859 1075 920 1092 cum
940 1064 999 1092 aliis

259 1112 287 1140 id
304 1112 439 1151 possidere
451 1110 694 1150 deprehendantur,
706 1121 756 1138 non
770 1110 828 1149 pari
844 1117 907 1139 tunc
920 1110 1000 1139 modo

258 1158 347 1186 affecti
355 1164 424 1186 sunt.
443 1157 564 1186 Primum
579 1156 662 1194 igitur
684 1156 735 1184 hoc
751 1166 889 1184 commune
914 1162 999 1184 osten-

257 1204 308 1239 dit,
324 1203 451 1241 quoniam
468 1202 519 1241 ipsi
534 1202 664 1241 putabant
678 1201 706 1229 id
730 1201 782 1229 sibi
805 1208 907 1230 tantum
929 1212 1000 1230 com-

258 1256 361 1288 petere:
375 1248 472 1277 deinde
480 1255 621 1288 postquam
630 1247 699 1276 illud
711 1258 851 1276 commune
865 1248 936 1285 fecit,
947 1258 999 1277 non

259 1306 286 1324 se
307 1295 393 1323 solum
415 1294 572 1334 participem
596 1293 732 1322 dicit:sic
746 1293 816 1321 enim
830 1293 891 1322 illos
915 1294 999 1332 magis

259 1343 407 1372 extulisset.
424 1343 461 1371 L‘t
478 1342 499 1369 si
520 1351 588 1369 unus
601 1347 703 1369 tantum
714 1341 809 1369 habeat
824 1351 850 1369 se
874 1341 978 1369 extollit
992 1351 998 1367 ε

261 1389 298 1418 ita
308 1389 329 1417 si
344 1399 426 1417 unum
443 1395 546 1416 tantum
560 1387 602 1415 vel
613 1387 724 1415 alterum
735 1397 768 1415 ex
780 1387 922 1426 praecipuis
937 1397 999 1416 con-

261 1442 358 1463 sortem
372 1434 479 1467 haheat,
495 1444 546 1462 non
560 1432 671 1461 minoris
693 1443 749 1461 rcm
769 1432 841 1460 facit.
859 1432 921 1461 Ideo
946 1444 999 1462 non

259 1492 287 1510 se
301 1481 387 1509 solum
401 1480 486 1520 ponit,
506 1479 552 1508 sed
578 1489 666 1507 omnes
678 1491 683 1506 :
697 1489 748 1507 non
767 1479 837 1507 enim
851 1479 929 1515 dixit,
942 1479 999 1518 Ego

260 1527 398 1555 scientiam
409 1526 510 1563 habco,
523 1524 578 1561 sed,
588 1526 697 1553 Scimus
710 1525 788 1564 quod
802 1535 898 1553 omnes
908 1527 999 1554 scien-

261 1576 332 1602 tiam
349 1574 497 1601 hahemus.
525 1572 581 1599 Hoc
604 1571 686 1609 igitur
704 1571 792 1610 priore
814 1570 886 1599 dicto
908 1582 999 1599 eorum

259 1620 356 1648 fastum
385 1618 499 1657 dejecit,
530 1616 647 1645 secundo
681 1623 771 1644 autem
803 1616 996 1646 vehementius.

260 1665 403 1700 Quodnam
416 1664 484 1692 illud
506 1663 561 1692 est?
575 1662 656 1698 Quod
673 1663 793 1691 ostendat
805 1674 862 1691 rem
873 1674 924 1691 non
934 1674 999 1703 per-

260 1712 370 1747 fectam,
386 1710 440 1738 imo
452 1708 598 1737 admodum
615 1708 796 1747 imperfectam
820 1719 890 1746 esse,
914 1720 999 1747 neque

260 1757 340 1784 modo
360 1755 552 1795 imperfectam,
569 1754 616 1782 sed
633 1761 657 1782 ct
675 1755 793 1790 noxiam,
813 1754 863 1782 nisi
879 1755 913 1782 sit
924 1754 999 1783 aliud

260 1803 426 1841 adjunctum.
437 1801 505 1829 Cum
516 1800 627 1828 dixisset
636 1799 717 1833 enim,
732 1800 887 1828 scientiam
900 1811 998 1830 omnes

261 1849 410 1882 habemus,
440 1845 601 1885 subjunxit:
620 1845 745 1873 Scientia
766 1845 862 1885 inflat,
890 1848 999 1874 caritas

260 1901 357 1923 autem
372 1893 507 1932 oedisicat.
522 1892 614 1929 Itaque
632 1901 693 1919 cum
714 1890 819 1919 estsine
831 1891 948 1927 caritate,
964 1891 999 1920 ad

261 1939 440 1978 arrogantiam
466 1938 580 1966 extollit.
602 1939 636 1965 At
660 1947 743 1975 neque
760 1937 865 1974 caritas,
882 1937 996 1976 inquies,

262 1987 362 2024 absque
377 1984 486 2013 scientia
501 1982 605 2021 aliquid
618 1983 687 2011 lucri
712 1983 801 2012 habet.
822 1984 923 2012 Verum
947 1995 999 2013 non
1009 2002 1044 2020 270

262 2032 313 2061 hoc.
323 2031 406 2068 djxit,
430 2030 475 2059 sed
495 2029 568 2068 quod
592 2030 620 2058 in
645 2029 762 2058 confesso
785 2036 823 2058 est
839 2031 999 2069 relinquens,

262 2078 437 2108 ostendithoc
445 2077 490 2105 illo
502 2075 581 2105 valde
600 2086 682 2114 egere.
695 2077 764 2104 Nam
778 2076 823 2114 qui
833 2076 935 2116 diligit,
954 2085 999 2106 ut·-

262 2130 326 2163 pote
335 2123 381 2161 qui
400 2128 563 2162 praeceptuin
580 2121 689 2160 impleat
703 2121 822 2150 omnium
836 2123 998 2161 praestantis-

261 2170 370 2203 simum,
378 2167 482 2196 etiamsi
501 2166 567 2205 quid
585 2166 637 2205 ipsi
652 2166 767 2203 deficiat,
783 2167 834 2196 cito
844 2179 890 2207 per
905 2168 998 2197 carita-

260 2223 314 2244 tem
327 2213 436 2243 scientia
457 2213 570 2247 fruetur,
587 2219 615 2240 ut
632 2212 771 2241 Cornelius
785 2220 811 2241 et
834 2213 880 2242 alii
899 2214 997 2242 multi:

261 2263 307 2301 qui
324 2269 413 2291 autem
427 2259 564 2289 scientiam
575 2258 684 2298 quidem
699 2259 788 2295 habet,
801 2260 848 2288 sed
861 2271 912 2289 non
930 2261 1000 2290 cari—

262 2315 352 2345 tatem,
366 2317 417 2335 non
429 2305 508 2334 modo
529 2305 595 2334 nihil
612 2311 736 2340 assumet,
749 2304 794 2333 sed
814 2305 847 2333 ab
865 2306 910 2334 illa
921 2317 1001 2344 quam

262 2355 343 2383 habet
356 2351 469 2388 excidet,
484 2362 554 2391 saepe
568 2351 594 2379 in
609 2351 787 2390 arrogantiam
798 2351 897 2382 labens.
909 2353 1002 2392 Itaque

296 2466 307 2483 b
326 2464 372 2498 [A.
387 2467 444 2490 οὕτω
459 2468 484 2489 τὸ
502 2467 601 2489 κοινωνὸν
613 2465 666 2488 εἶναι’
682 2474 732 2488 που.
744 2463 772 2487 Β.
790 2465 846 2489 οὕτω
865 2476 885 2489 κ.
899 2467 952 2490 εἶναι’
961 2476 1012 2491 που.

266 2505 323 2528 Mox
334 2506 361 2529 A.
376 2505 453 2530 τοῦτον
465 2509 535 2533 ποιεῖ,
550 2508 681 2534 utrumque
693 2500 777 2535 mule]

1017 1113 1036 1135 D

1018 2030 1037 2051 A

1050 649 1136 687 μόνον,
1151 649 1219 678 ἀλλὰ
1233 650 1277 678 καὶ
1288 649 1401 678 ἐναντίον
1415 651 1452 688 τῷ
1469 649 1629 689 κηρύγματι.
1639 649 1769 678 Ἐνταῦθα
1785 649 1812 677 δὲ

1049 696 1094 723 οὐκ
1105 695 1164 729 ἕνῆν
1174 698 1251 724 τοῦτο
1264 697 1373 729 ποιῆσαι
1381 706 1387 712 ·
1399 697 1494 733 γνῶσις
1503 694 1553 734 γὰρ
1563 691 1594 730 ἦν
1609 695 1639 724 τὸ
1649 694 1813 732 τελούμενον,

1049 741 1093 769 καὶ
1104 744 1198 778 γνῶσις
1210 740 1309 769 τελεία.
1321 740 1391 769 Οὔτε
1405 736 1448 769 οὖν
1464 740 1544 776 αὐτὴν
1554 741 1711 770 καταὸαλεῖν
1724 743 1813 780 ἀσφα-

1049 786 1092 819 λὲς
1105 783 1146 822 ἦν,
1161 787 1205 815 καὶ
1228 787 1271 815 τὸν
1291 789 1370 826 τῦφον
1386 786 1472 818 ἄλλως
1486 787 1533 815 οὐκ
1555 788 1614 822 ε’νῆν
1634 786 1754 816 ἐκὸαλεῖν
1768 785 1813 815 τὸν

1049 834 1093 862 ἐπὶ
1104 833 1194 870 ταύτῃ.
1208 834 1243 862 Τι’
1253 829 1295 862 οὖν
1305 837 1388 869 ποιεῖ;
1403 834 1510 872 Πρῶτον
1524 835 1562 873 τῷ
1572 833 1654 867 δεῖξαι
1667 832 1756 869 κοινὴν
1769 833 1814 860 αιἰ-

1050 879 1096 915 τὴν
1120 876 1207 914 οὖσαν,
1223 879 1393 908 καταστέλλει
1408 879 1438 908 τὸ
1458 878 1568 918 φύσημα
1591 879 1621 908 τὸ
1640 880 1755 908 ἐκείνων.
1776 879 1812 908 Οἱ

1049 925 1100 964 γὰρ
1114 925 1216 964 ἔχοντές
1236 938 1261 954 τι
1280 925 1348 964 μέγα
1368 925 1412 953 καὶ
1435 924 1525 963 καλὸν,
1548 925 1607 954 ὅταν
1632 924 1705 963 μόνοι
1719 924 1814 964 ἔχωσι,

1052 972 1150 1010 μᾶλλον
1165 971 1331 1010 ἐπαίρονται·
1348 970 1378 999 ἂν
1395 969 1421 999 δὲ
1437 970 1504 1008 μετὰ
1519 970 1603 999 ἄλλων
1619 972 1734 1010 φανῶσιν
1751 970 1814 999 αὐτὸ

1051 1017 1224 1054 κεκτημένοι,
1242 1017 1328 1046 οὐκέτι
1345 1016 1440 1054 ὁμοίως
1452 1019 1528 1045 τοῦτο
1541 1017 1683 1056 πάσχουσι.
1703 1017 1814 1056 Πρῶτον

1053 1064 1099 1101 μὲν
1118 1058 1161 1092 οἷν
1177 1063 1237 1092 αὐτὸ
1257 1067 1413 1098 κοινοποιεῖ,
1426 1063 1516 1098 ἐπειδὴ
1538 1064 1631 1091 ἐκεῖνοι
1650 1064 1734 1092 αὐτῶν
1752 1061 1814 1092 αὐτὸ

1051 1104 1117 1137 εἶναι
1132 1109 1247 1147 ἐνόμιζον
1260 1109 1343 1147 μόνων
1352 1120 1358 1126 ·
1372 1109 1462 1138 ἔπειτα
1473 1109 1584 1144 ποιήσας
1594 1109 1688 1146 κοινὸν,
1705 1110 1733 1138 οὔ
1745 1108 1813 1144 τίθη-

1052 1166 1092 1183 σιν
1107 1154 1197 1183 ἑαυτὸν
1220 1156 1246 1183 ἐν
1261 1157 1293 1192 τῇ
1308 1155 1429 1194 κοινωνία
1446 1154 1533 1193 μόνον,
1551 1155 1609 1184 ἐπεὶ
1623 1154 1668 1183 καὶ
1687 1153 1767 1187 οὕτως
1785 1154 1814 1182 ἂν

1053 1201 1151 1238 μᾶλλον
1166 1199 1257 1233 αὐτοὺς
1278 1201 1383 1239 ἐπῆρεν.
1398 1200 1502 1239 ’Ὠσπερ
1521 1201 1572 1240 γὰρ
1596 1200 1626 1229 τὸ
1646 1200 1722 1238 μόνον
1745 1199 1815 1239 ἔχειν

1052 1245 1153 1285 ἐπαίρει
1162 1268 1170 1282 ,
1185 1245 1197 1261 ¹³

1204 1246 1270 1275 οὕτω
1287 1247 1408 1276 κοινωνὸν
1425 1246 1470 1275 ἕνα
1484 1259 1533 1275 που
1551 1246 1595 1275 καὶ
1616 1245 1732 1284 δεύτερον
1746 1246 1815 1285 ἔχειν

1051 1294 1102 1320 τῶν
1118 1292 1308 1331 ὑπερεχόντων,
1321 1294 1368 1321 οὐκ
1384 1293 1490 1322 ἔλαττον
1501 1295 1577 1321 τοῦτο
1591 1297 1668 1321 ποιεῖ.
1679 1291 1732 1320 Διὰ
1741 1295 1815 1320 τοῦτο

1051 1339 1100 1377 οὐχ
1116 1339 1207 1367 ἑαυτὸν
1227 1337 1338 1374 τίθησιν,
1354 1338 1421 1367 ἀλλὰ
1433 1339 1540 1371 πάντας.
1554 1340 1594 1367 Οὐ
1613 1338 1664 1377 γὰρ
1679 1333 1759 1374 εἶπεν,
1776 1337 1816 1366 ὅτι

1052 1385 1096 1412 καὶ
1108 1383 1160 1423 ἐγὼ
1170 1384 1224 1423 ἔχω
1238 1385 1344 1422 γνῶσιν,
1358 1385 1425 1420 ἀλλ’,
1438 1384 1554 1422 Οἴδαμεν
1565 1384 1605 1413 ὃτι
1616 1384 1711 1416 πάντες
1721 1386 1815 1423 γνῶσιν

1052 1431 1157 1470 ἔχομεν.
1176 1430 1232 1460 Ἑνὶ
1254 1429 1300 1468 μὲν
1319 1426 1362 1459 οὖν
1385 1430 1467 1471 τούτῳ
1488 1431 1585 1470 πρώτῳ
1605 1429 1751 1460 κατέὸαλεν
1769 1431 1815 1458 αὖ·

1051 1479 1102 1505 τῶν
1117 1476 1147 1505 τὸ
1160 1476 1280 1516 φρόνημα
1289 1498 1296 1512 ,
1311 1477 1422 1516 δευτέρῳ
1435 1477 1462 1506 δὲ
1475 1480 1486 1492 ⁰
1497 1476 1682 1516 σφοδροτέρους.
1695 1476 1770 1515 Ποίῳ
1783 1476 1814 1511 δὴ

1052 1522 1146 1562 τούτῳ;
1162 1524 1210 1562 Τῷ
1222 1522 1302 1555 δεῖξαι
1314 1522 1354 1550 ὅτι
1369 1522 1426 1552 οὗῖὲ
1441 1523 1502 1552 αὐτὸ
1524 1522 1554 1551 τὸ
1578 1527 1690 1561 πρᾶγμα
1703 1523 1816 1561 ἀπηρτι-

1052 1568 1145 1607 σμένον
1162 1568 1241 1604 ἐστὶν,
1258 1568 1325 1596 ἀλλὰ
1343 1568 1387 1596 καὶ
1402 1569 1502 1608 σφόδρα
1516 1568 1605 1600 ἀτελές
1614 1579 1620 1585 ·
1634 1567 1679 1597 καὶ
1693 1568 1722 1596 οὗ
1737 1567 1814 1606 μόνον

1053 1614 1140 1647 ἀτελὲς
1151 1637 1158 1650 ,
1177 1614 1244 1643 ἀλλὰ
1260 1613 1305 1642 καὶ
1323 1614 1459 1653 βλαέερὸν,
1473 1614 1518 1643 ἐὰν
1543 1614 1579 1653 μὴ
1601 1610 1619 1653 ᾗ
1640 1614 1816 1652 συνεζευγμέ-

1051 1672 1093 1690 νον
1107 1660 1193 1700 ἕτερον
1206 1662 1284 1700 αὐτῷ.
1298 1660 1388 1689 Εἰπὼν
1402 1659 1526 1700 γὰρ“οτι
1539 1660 1635 1693 πάντες
1647 1662 1742 1699 γνῶσιν
1755 1659 1816 1699 ἔχο-

1053 1719 1109 1744 μεν,
1124 1706 1253 1746 ἐπήγαγεν
1266 1718 1271 1724 ·
1286 1705 1319 1734 ‘H
1339 1709 1432 1745 γνῶσις
1447 1711 1544 1746 φυσιοῖ,
1562 1707 1621 1741 ἡδὲ
1636 1706 1726 1744 ἀγάπη
1743 1707 1816 1734 οἷκο-

1052 1754 1133 1790 δομεῖ.
1148 1752 1232 1781 ε’.Ωστε
1248 1752 1309 1781 ὅταν
1323 1752 1403 1791 χωρὶς
1420 1752 1523 1790 ἀγάπης
1536 1748 1568 1791 ἦ,
1584 1751 1629 1780 καὶ
1641 1753 1676 1783 εἷς
1691 1750 1816 1780 ἀπόνοιαν

1053 1798 1129 1838 αἴρει.
1140 1798 1208 1827 Ἀλλ’
1222 1798 1280 1827 οὐδὲ
1296 1801 1312 1833 ἡ
1329 1798 1433 1836 ἀγάπη,
1446 1798 1524 1837 φησὶ,
1533 1798 1614 1836 χωρὶς
1628 1797 1748 1835 γνώσεως
1757 1797 1816 1835 κε’ρ-

1053 1845 1094 1877 δος
1108 1844 1163 1883 ἔχει
1177 1856 1211 1872 τι.
1228 1844 1296 1873 Ἀλλ’
1311 1845 1358 1872 οὐκ
1371 1839 1428 1872 εἷπε
1449 1847 1538 1872 τοῦτο·
1554 1844 1612 1872 ἀλλ’
1625 1845 1660 1875 ὡς
1674 1844 1815 1882 ὡμολογη-

1053 1890 1128 1928 μένον
1145 1890 1230 1928 ἀφεὶς,
1245 1890 1371 1918 δείκνυσιν
1385 1889 1425 1918 ὅτι
1440 1889 1539 1928 σφόδρα
1552 1890 1632 1918 δεῖται
1645 1889 1742 1918 ἐκείνου
1755 1892 1817 1918 τοῦ-

1052 1947 1090 1965 το.
1101 1935 1134 1964 ‘O
1147 1935 1192 1974 μὲν
1204 1935 1255 1975 γὰρ
1269 1938 1387 1975 ἀγαπῶν,
1402 1934 1447 1963 ἅτε
1465 1934 1570 1970 ἐντολὴν
1582 1936 1690 1975 πληρῶν
1701 1934 1750 1970 τὴν
1763 1947 1816 1964 πα-

1054 1984 1107 2010 σῶν
1126 1981 1298 2021 κυριωτέραν,
1313 1980 1361 2010 κᾶν
1380 1980 1533 2009 ἐλλείποντα
1554 1992 1612 2009 τινα
1633 1980 1698 2020 ἔχῃ,
1717 1979 1818 2020 ταχέως

1053 2028 1231 2057 ἀπολαύσεται
1254 2030 1301 2062 τῆς
1323 2025 1441 2066 γνώσεως
1462 2026 1506 2055 διὰ
1527 2027 1574 2062 τὴν
1590 2027 1705 2066 ἀγάπην,
1728 2025 1817 2066 ὥσπερ

1053 2077 1066 2103 ὁ
1082 2074 1224 2114 Κορνήλιος
1238 2074 1282 2102 καὶ
1293 2073 1375 2113 ἕτεροι
1387 2073 1478 2102 πολλοί
1488 2085 1494 2091 ”
1507 2075 1520 2101 ὁ
1534 2073 1561 2102 δὲ
1571 2076 1666 2112 γνῶσιν
1681 2073 1728 2112 μὲν
1739 2073 1817 2112 ἔχων,

1053 2121 1157 2160 ἀγάπην
1175 2120 1201 2149 δὲ
1225 2120 1261 2158 μὴ
1278 2119 1356 2159 ἔχων,
1381 2121 1408 2148 οὗ
1433 2119 1510 2157 μόνον
1530 2119 1602 2148 οὗδὲν
1622 2119 1818 2159 προσλήψεται,
1856 2113 1860 2116 ”

1053 2167 1121 2196 ἀλλὰ
1134 2166 1178 2195 καὶ
1193 2168 1271 2200 αὐτῆς
1282 2168 1429 2195 ἐκπεσεῖται
1442 2161 1473 2200 ἧς
1486 2165 1556 2204 ἔχει,
1565 2165 1693 2197 πολλάκις
1707 2166 1742 2198 εἷς
1754 2164 1820 2194 8:⁷³6-

1052 2225 1123 2242 νοιαν
1139 2212 1270 2250 ἐμπεσών.
1285 2212 1371 2240 ςΏστε
1383 2214 1400 2246 ἠ
1419 2211 1465 2250 μὲν
1477 2213 1572 2250 γνῶσις
1590 2211 1694 2247 ἀγάπης
1704 2212 1751 2240 οὐκ
1762 2209 1819 2239 ἔστι

1055 2258 1194 2295 ποιητικὴ,
1220 2257 1288 2287 ἀλλὰ
1308 2258 1353 2286 καὶ
1376 2257 1523 2287 τούναντίον
1551 2257 1688 2296 ἀποσχίζει
1707 2256 1752 2285 τὸν
1781 2256 1817 2295 μὴ

1055 2305 1233 2345 προσέχοντα,
1249 2306 1358 2344 φυσῶσα
1379 2304 1423 2333 καὶ
1446 2303 1597 2342 ἐπαίρουσα.
1614 2302 1667 2332 Καὶ
1689 2301 1740 2341 γὰρ
1754 2303 1819 2331 διαι-

1059 2357 1111 2391 ρεῖν
1125 2351 1212 2380 εἴωθεν
1222 2353 1238 2386 ἡ
1250 2350 1399 2384 ἀλαζονεία·
1413 2352 1430 2384 ἡ
1442 2349 1467 2378 δὲ
1481 2349 1569 2388 ἀγάπη
1579 2349 1624 2377 καὶ
1638 2348 1758 2387 συνάγειν
1773 2348 1818 2377 καὶ

1095 2471 1105 2482 e
1124 2464 1132 2494 [
1144 2463 1174 2488 In
1187 2463 1214 2487 Α,
1225 2463 1244 2486 Β
1264 2468 1288 2486 ει
1301 2469 1378 2494 marg.
1394 2461 1469 2486 Savil.
1482 2466 1518 2485 est
1531 2460 1694 2495 σφοδροτέρῳᾸ
