<?xml version="1.0" encoding="UTF-8"?>
<!DOCTYPE html PUBLIC "-//W3C//DTD XHTML 1.0 Transitional//EN"
    "http://www.w3.org/TR/xhtml1/DTD/xhtml1-transitional.dtd">
<html xmlns="http://www.w3.org/1999/xhtml" xml:lang="en" lang="en">
 <head>
  <title>
</title>
<meta http-equiv="Content-Type" content="text/html;charset=utf-8" />
  <meta name='ocr-system' content='tesseract 3.04.00' />
  <meta name='ocr-capabilities' content='ocr_page ocr_carea ocr_par ocr_line ocrx_word'/>
</head>
<body>
  <div class='ocr_page' id='page_1' title='image "./operaomniaquaeex10johnuoft/operaomniaquaeex10johnuoft_0556.png"; bbox 0 0 1906 2866; ppageno 0'>
   <div class='ocr_carea' id='block_1_1' title="bbox 228 174 961 217">
    <p class='ocr_par' dir='ltr' id='par_1_1' title="bbox 228 174 961 217">
     <span class='ocr_line' id='line_1_1' title="bbox 228 174 961 217; baseline 0.01 -10"><span class='ocrx_word' id='word_1_1' title='bbox 228 174 295 217; x_wconf 58' lang='lat'><strong>540</strong></span> <span class='ocrx_word' id='word_1_2' title='bbox 555 190 584 212; x_wconf 83' lang='lat' dir='ltr'><strong>s.</strong></span> <span class='ocrx_word' id='word_1_3' title='bbox 613 191 752 214; x_wconf 62' lang='lat' dir='ltr'><strong>sommis</strong></span> <span class='ocrx_word' id='word_1_4' title='bbox 779 191 961 213; x_wconf 61' lang='lat' dir='ltr'><strong>cunvsos&#39;r.</strong></span> 
     </span>
    </p>
   </div>
   <div class='ocr_carea' id='block_1_2' title="bbox 221 248 966 565">
    <p class='ocr_par' dir='ltr' id='par_1_2' title="bbox 221 248 966 565">
     <span class='ocr_line' id='line_1_2' title="bbox 224 248 966 291; baseline 0.005 -15"><span class='ocrx_word' id='word_1_5' title='bbox 224 248 345 277; x_wconf 81' lang='lat' dir='ltr'><strong>socordia</strong></span> <span class='ocrx_word' id='word_1_6' title='bbox 359 249 548 288; x_wconf 79' lang='lat' dir='ltr'><strong>langucamus;</strong></span> <span class='ocrx_word' id='word_1_7' title='bbox 561 262 666 288; x_wconf 69' lang='lat' dir='ltr'><strong>verum,</strong></span> <span class='ocrx_word' id='word_1_8' title='bbox 683 262 744 280; x_wconf 90' lang='lat' dir='ltr'><strong>cum</strong></span> <span class='ocrx_word' id='word_1_9' title='bbox 759 258 897 291; x_wconf 83' lang='lat' dir='ltr'><strong>peccatum</strong></span> <span class='ocrx_word' id='word_1_10' title='bbox 913 251 966 279; x_wconf 82' lang='lat' dir='ltr'><strong>ad-</strong></span> 
     </span>
     <span class='ocr_line' id='line_1_3' title="bbox 224 296 966 336; baseline 0.004 -13"><span class='ocrx_word' id='word_1_11' title='bbox 224 296 358 330; x_wconf 78' lang='lat' dir='ltr'>misimus,</span> <span class='ocrx_word' id='word_1_12' title='bbox 371 298 492 327; x_wconf 87' lang='lat' dir='ltr'><strong>auimum</strong></span> <span class='ocrx_word' id='word_1_13' title='bbox 509 306 688 336; x_wconf 77' lang='lat' dir='ltr'><strong>conteramus,</strong></span> <span class='ocrx_word' id='word_1_14' title='bbox 704 310 754 328; x_wconf 87' lang='lat' dir='ltr'><strong>nec</strong></span> <span class='ocrx_word' id='word_1_15' title='bbox 765 299 848 328; x_wconf 71' lang='lat' dir='ltr'><strong>verba</strong></span> <span class='ocrx_word' id='word_1_16' title='bbox 860 299 966 327; x_wconf 89' lang='lat' dir='ltr'><strong>dumta-</strong></span> 
     </span>
     <span class='ocr_line' id='line_1_4' title="bbox 224 343 965 384; baseline 0.003 -15"><span class='ocrx_word' id='word_1_17' title='bbox 224 348 272 370; x_wconf 77' lang='lat' dir='ltr'><strong>xat</strong></span> <span class='ocrx_word' id='word_1_18' title='bbox 292 343 467 381; x_wconf 81' lang='lat' dir='ltr'><strong>proferamus.</strong></span> <span class='ocrx_word' id='word_1_19' title='bbox 484 345 625 383; x_wconf 81' lang='lat' dir='ltr'>Siquidem</span> <span class='ocrx_word' id='word_1_20' title='bbox 637 345 788 384; x_wconf 79' lang='lat' dir='ltr'><strong>complures</strong></span> <span class='ocrx_word' id='word_1_21' title='bbox 802 345 865 373; x_wconf 79' lang='lat' dir='ltr'><strong>novi</strong></span> <span class='ocrx_word' id='word_1_22' title='bbox 879 344 926 382; x_wconf 83' lang='lat' dir='ltr'><strong>qui</strong></span> <span class='ocrx_word' id='word_1_23' title='bbox 938 355 965 371; x_wconf 89' lang='lat' dir='ltr'><strong>sc</strong></span> 
     </span>
     <span class='ocr_line' id='line_1_5' title="bbox 223 387 963 428; baseline 0.001 -13"><span class='ocrx_word' id='word_1_24' title='bbox 223 387 332 425; x_wconf 85' lang='lat' dir='ltr'><strong>quidem</strong></span> <span class='ocrx_word' id='word_1_25' title='bbox 353 397 460 428; x_wconf 72' lang='lat' dir='ltr'><strong>peccata</strong></span> <span class='ocrx_word' id='word_1_26' title='bbox 476 402 524 419; x_wconf 91' lang='lat' dir='ltr'><strong>sua</strong></span> <span class='ocrx_word' id='word_1_27' title='bbox 537 390 634 419; x_wconf 81' lang='lat' dir='ltr'><strong>deflere</strong></span> <span class='ocrx_word' id='word_1_28' title='bbox 647 391 733 427; x_wconf 87' lang='lat' dir='ltr'><strong>aiunt,</strong></span> <span class='ocrx_word' id='word_1_29' title='bbox 756 397 783 418; x_wconf 81' lang='lat' dir='ltr'><strong>at</strong></span> <span class='ocrx_word' id='word_1_30' title='bbox 804 389 910 418; x_wconf 83' lang='lat' dir='ltr'><strong>interim</strong></span> <span class='ocrx_word' id='word_1_31' title='bbox 925 389 963 417; x_wconf 88' lang='lat' dir='ltr'><strong>nil</strong></span> 
     </span>
     <span class='ocr_line' id='line_1_6' title="bbox 223 434 962 476; baseline 0 -15"><span class='ocrx_word' id='word_1_32' title='bbox 223 434 315 471; x_wconf 80' lang='lat' dir='ltr'><strong>magni</strong></span> <span class='ocrx_word' id='word_1_33' title='bbox 329 443 490 474; x_wconf 51' lang='lat' dir='ltr'><strong>operantum</strong></span> <span class='ocrx_word' id='word_1_34' title='bbox 504 447 599 465; x_wconf 78' lang='lat' dir='ltr'><strong>verum</strong></span> <span class='ocrx_word' id='word_1_35' title='bbox 613 438 735 476; x_wconf 70' lang='lat' dir='ltr'><strong>jejunant</strong></span> <span class='ocrx_word' id='word_1_36' title='bbox 749 436 790 464; x_wconf 86' lang='lat' dir='ltr'><strong>illi</strong></span> <span class='ocrx_word' id='word_1_37' title='bbox 807 435 917 473; x_wconf 86' lang='lat' dir='ltr'><strong>quidem</strong></span> <span class='ocrx_word' id='word_1_38' title='bbox 931 445 962 461; x_wconf 80' lang='lat' dir='ltr'><strong>ac</strong></span> 
     </span>
     <span class='ocr_line' id='line_1_7' title="bbox 222 479 959 520; baseline -0.001 -13"><span class='ocrx_word' id='word_1_39' title='bbox 222 486 307 508; x_wconf 76' lang='lat' dir='ltr'><strong>vestes</strong></span> <span class='ocrx_word' id='word_1_40' title='bbox 323 492 429 520; x_wconf 81' lang='lat' dir='ltr'><strong>asperas</strong></span> <span class='ocrx_word' id='word_1_41' title='bbox 444 489 556 520; x_wconf 73' lang='lat' dir='ltr'><strong>gestant,</strong></span> <span class='ocrx_word' id='word_1_42' title='bbox 571 490 696 510; x_wconf 68' lang='lat' dir='ltr'><strong>caeterum</strong></span> <span class='ocrx_word' id='word_1_43' title='bbox 717 481 812 519; x_wconf 82' lang='lat' dir='ltr'><strong>majori</strong></span> <span class='ocrx_word' id='word_1_44' title='bbox 833 479 959 518; x_wconf 80' lang='lat' dir='ltr'><strong>pecunia-</strong></span> 
     </span>
     <span class='ocr_line' id='line_1_8' title="bbox 221 525 959 565; baseline 0 -13"><span class='ocrx_word' id='word_1_45' title='bbox 221 535 283 554; x_wconf 85' lang='lat' dir='ltr'><strong>rum</strong></span> <span class='ocrx_word' id='word_1_46' title='bbox 312 527 460 565; x_wconf 79' lang='lat' dir='ltr'><strong>cupiditate</strong></span> <span class='ocrx_word' id='word_1_47' title='bbox 490 528 614 565; x_wconf 73' lang='lat' dir='ltr'><strong>flagrant,</strong></span> <span class='ocrx_word' id='word_1_48' title='bbox 639 538 721 565; x_wconf 81' lang='lat' dir='ltr'><strong>quam</strong></span> <span class='ocrx_word' id='word_1_49' title='bbox 747 535 893 564; x_wconf 76' lang='lat' dir='ltr'><strong>caup0ue53</strong></span> <span class='ocrx_word' id='word_1_50' title='bbox 921 525 959 552; x_wconf 81' lang='lat' dir='ltr'><strong>ira</strong></span> 
     </span>
    </p>
   </div>
   <div class='ocr_carea' id='block_1_3' title="bbox 992 190 1148 215">
    <p class='ocr_par' dir='ltr' id='par_1_3' title="bbox 992 190 1148 215">
     <span class='ocr_line' id='line_1_9' title="bbox 992 190 1148 215; baseline 0.019 -3"><span class='ocrx_word' id='word_1_51' title='bbox 992 190 1148 215; x_wconf 77' lang='lat' dir='ltr'><strong>ARCHIEP.</strong></span> 
     </span>
    </p>
   </div>
   <div class='ocr_carea' id='block_1_4' title="bbox 1177 193 1445 217">
    <p class='ocr_par' dir='ltr' id='par_1_4' title="bbox 1177 193 1445 217">
     <span class='ocr_line' id='line_1_10' title="bbox 1177 193 1445 217; baseline 0.007 -2"><span class='ocrx_word' id='word_1_52' title='bbox 1177 193 1445 217; x_wconf 70' lang='lat' dir='ltr'>CONSTANTINOP-</span> 
     </span>
    </p>
   </div>
   <div class='ocr_carea' id='block_1_5' title="bbox 1013 253 1795 566">
    <p class='ocr_par' dir='ltr' id='par_1_5' title="bbox 1014 253 1795 519">
     <span class='ocr_line' id='line_1_11' title="bbox 1021 253 1795 298; baseline 0.009 -18"><span class='ocrx_word' id='word_1_53' title='bbox 1021 256 1096 281; x_wconf 84' lang='grc' dir='ltr'>πεῖτε</span> <span class='ocrx_word' id='word_1_54' title='bbox 1111 253 1147 290; x_wconf 84' lang='grc' dir='ltr'><strong>μὴ</strong></span> <span class='ocrx_word' id='word_1_55' title='bbox 1170 255 1404 291; x_wconf 79' lang='grc' dir='ltr'>πλεονεκτηθῶμεν</span> <span class='ocrx_word' id='word_1_56' title='bbox 1419 254 1470 283; x_wconf 75' lang='grc' dir='ltr'>ὑπὸ</span> <span class='ocrx_word' id='word_1_57' title='bbox 1493 258 1538 283; x_wconf 81' lang='grc' dir='ltr'><strong>τοῦ</strong></span> <span class='ocrx_word' id='word_1_58' title='bbox 1557 261 1670 285; x_wconf 79' lang='grc' dir='ltr'>σατανᾶ·</span> <span class='ocrx_word' id='word_1_59' title='bbox 1693 258 1722 286; x_wconf 80' lang='grc' dir='ltr'>οὐ</span> <span class='ocrx_word' id='word_1_60' title='bbox 1743 258 1795 298; x_wconf 80' lang='grc' dir='ltr'><strong>γὰρ</strong></span> 
     </span>
     <span class='ocr_line' id='line_1_12' title="bbox 1021 298 1793 342; baseline 0.009 -18"><span class='ocrx_word' id='word_1_61' title='bbox 1021 299 1098 325; x_wconf 80' lang='grc' dir='ltr'>αὐτοῦ</span> <span class='ocrx_word' id='word_1_62' title='bbox 1110 298 1143 326; x_wconf 84' lang='grc' dir='ltr'><strong>τὰ</strong></span> <span class='ocrx_word' id='word_1_63' title='bbox 1155 298 1276 336; x_wconf 78' lang='grc' dir='ltr'>νοήματα</span> <span class='ocrx_word' id='word_1_64' title='bbox 1292 301 1444 337; x_wconf 78' lang='grc' dir='ltr'>ἀγνοοῦμεν.</span> <span class='ocrx_word' id='word_1_65' title='bbox 1459 299 1528 332; x_wconf 67' lang='grc' dir='ltr'>Τοὺς</span> <span class='ocrx_word' id='word_1_66' title='bbox 1541 300 1588 338; x_wconf 76' lang='grc' dir='ltr'><strong>μὲν</strong></span> <span class='ocrx_word' id='word_1_67' title='bbox 1600 301 1652 340; x_wconf 83' lang='grc' dir='ltr'><strong>γὰρ</strong></span> <span class='ocrx_word' id='word_1_68' title='bbox 1662 303 1694 330; x_wconf 84' lang='grc' dir='ltr'><strong>δι’</strong></span> <span class='ocrx_word' id='word_1_69' title='bbox 1707 304 1793 342; x_wconf 75' lang='grc' dir='ltr'>ἁμαρ-</span> 
     </span>
     <span class='ocr_line' id='line_1_13' title="bbox 1019 343 1792 383; baseline 0.009 -13"><span class='ocrx_word' id='word_1_70' title='bbox 1019 343 1155 380; x_wconf 72' lang='grc' dir='ltr'>τημοὶτων,</span> <span class='ocrx_word' id='word_1_71' title='bbox 1174 343 1232 376; x_wconf 79' lang='grc' dir='ltr'>τοὺς</span> <span class='ocrx_word' id='word_1_72' title='bbox 1256 344 1283 372; x_wconf 77' lang='grc' dir='ltr'><strong>δὲ</strong></span> <span class='ocrx_word' id='word_1_73' title='bbox 1300 345 1343 372; x_wconf 79' lang='grc' dir='ltr'><strong>διὰ</strong></span> <span class='ocrx_word' id='word_1_74' title='bbox 1359 345 1498 382; x_wconf 80' lang='grc' dir='ltr'>μετανοίας</span> <span class='ocrx_word' id='word_1_75' title='bbox 1520 346 1664 383; x_wconf 84' lang='grc' dir='ltr'>ἀπόλλυσι,</span> <span class='ocrx_word' id='word_1_76' title='bbox 1686 348 1792 381; x_wconf 75' lang='grc' dir='ltr'>τούτους</span> 
     </span>
     <span class='ocr_line' id='line_1_14' title="bbox 1018 386 1789 432; baseline 0.009 -18"><span class='ocrx_word' id='word_1_77' title='bbox 1018 386 1044 414; x_wconf 78' lang='grc' dir='ltr'><strong>δὲ</strong></span> <span class='ocrx_word' id='word_1_78' title='bbox 1060 389 1099 416; x_wconf 73' lang='grc' dir='ltr'><strong>ἐπ</strong></span> <span class='ocrx_word' id='word_1_79' title='bbox 1090 388 1140 427; x_wconf 49' lang='grc' dir='ltr'>ζῖρι)</span> <span class='ocrx_word' id='word_1_80' title='bbox 1151 389 1240 428; x_wconf 85' lang='grc' dir='ltr'>τρόπῳ</span> <span class='ocrx_word' id='word_1_81' title='bbox 1252 390 1342 425; x_wconf 83' lang='grc' dir='ltr'>πάλιν,</span> <span class='ocrx_word' id='word_1_82' title='bbox 1353 402 1390 418; x_wconf 82' lang='grc' dir='ltr'><strong>τω</strong></span> <span class='ocrx_word' id='word_1_83' title='bbox 1407 390 1486 428; x_wconf 78' lang='grc' dir='ltr'>μηδὲν</span> <span class='ocrx_word' id='word_1_84' title='bbox 1498 391 1550 419; x_wconf 83' lang='grc' dir='ltr'>ἀπὸ</span> <span class='ocrx_word' id='word_1_85' title='bbox 1563 392 1701 428; x_wconf 77' lang='grc' dir='ltr'>μετανοίας</span> <span class='ocrx_word' id='word_1_86' title='bbox 1713 394 1789 432; x_wconf 78' lang='grc' dir='ltr'>ἀφεῖ-</span> 
     </span>
     <span class='ocr_line' id='line_1_15' title="bbox 1015 435 1788 477; baseline 0.008 -17"><span class='ocrx_word' id='word_1_87' title='bbox 1015 443 1058 460; x_wconf 87' lang='grc' dir='ltr'><strong>ναι</strong></span> <span class='ocrx_word' id='word_1_88' title='bbox 1071 437 1245 472; x_wconf 75' lang='grc' dir='ltr'>καρποῦσθαι</span> <span class='ocrx_word' id='word_1_89' title='bbox 1258 435 1368 471; x_wconf 75' lang='grc' dir='ltr'>Ἐπειδὴ</span> <span class='ocrx_word' id='word_1_90' title='bbox 1380 435 1431 474; x_wconf 71' lang='grc' dir='ltr'><strong>γὰρ</strong></span> <span class='ocrx_word' id='word_1_91' title='bbox 1446 436 1599 465; x_wconf 70' lang='grc' dir='ltr'>ἀπολέσαι’</span> <span class='ocrx_word' id='word_1_92' title='bbox 1588 436 1614 469; x_wconf 79' lang='grc' dir='ltr'><strong>εξ</strong></span> <span class='ocrx_word' id='word_1_93' title='bbox 1627 437 1725 470; x_wconf 81' lang='grc' dir='ltr'>ευθείας</span> <span class='ocrx_word' id='word_1_94' title='bbox 1739 439 1788 477; x_wconf 55' lang='grc' dir='ltr'>οὗ]</span> 
     </span>
     <span class='ocr_line' id='line_1_16' title="bbox 1014 479 1786 519; baseline 0.008 -14"><span class='ocrx_word' id='word_1_95' title='bbox 1014 480 1098 516; x_wconf 73' lang='grc' dir='ltr'>εὗρεν,</span> <span class='ocrx_word' id='word_1_96' title='bbox 1114 479 1205 518; x_wconf 80' lang='grc' dir='ltr'>ἑτεραν</span> <span class='ocrx_word' id='word_1_97' title='bbox 1220 483 1297 515; x_wconf 82' lang='grc' dir='ltr'>ἠλθεν</span> <span class='ocrx_word' id='word_1_98' title='bbox 1312 482 1369 510; x_wconf 82' lang='grc' dir='ltr'>ὁδὸν</span> <span class='ocrx_word' id='word_1_99' title='bbox 1385 493 1443 513; x_wconf 76' lang='grc' dir='ltr'>τους</span> <span class='ocrx_word' id='word_1_100' title='bbox 1463 481 1510 519; x_wconf 80' lang='grc' dir='ltr'><strong>μὲν</strong></span> <span class='ocrx_word' id='word_1_101' title='bbox 1531 482 1624 515; x_wconf 78' lang='grc' dir='ltr'>πόνους</span> <span class='ocrx_word' id='word_1_102' title='bbox 1639 483 1786 519; x_wconf 79' lang='grc' dir='ltr'>ἐπιτείνων,</span> 
     </span>
    </p>

    <p class='ocr_par' dir='ltr' id='par_1_6' title="bbox 1013 525 1784 566">
     <span class='ocr_line' id='line_1_17' title="bbox 1013 525 1784 566; baseline 0.006 -15"><span class='ocrx_word' id='word_1_103' title='bbox 1013 535 1072 556; x_wconf 87' lang='grc' dir='ltr'>τους</span> <span class='ocrx_word' id='word_1_104' title='bbox 1088 525 1115 553; x_wconf 77' lang='grc' dir='ltr'><strong>δὲ</strong></span> <span class='ocrx_word' id='word_1_105' title='bbox 1129 525 1244 565; x_wconf 84' lang='grc' dir='ltr'>καρπους</span> <span class='ocrx_word' id='word_1_106' title='bbox 1257 526 1447 566; x_wconf 67' lang='grc' dir='ltr'>ἀφαιρούμενος</span> <span class='ocrx_word' id='word_1_107' title='bbox 1456 549 1463 561; x_wconf 87' lang='grc'>,</span> <span class='ocrx_word' id='word_1_108' title='bbox 1478 539 1524 555; x_wconf 83' lang='grc' dir='ltr'><strong>και</strong></span> <span class='ocrx_word' id='word_1_109' title='bbox 1538 528 1658 556; x_wconf 76' lang='grc' dir='ltr'>πείθων</span> <span class='ocrx_word' id='word_1_110' title='bbox 1645 540 1680 560; x_wconf 85' lang='grc' dir='ltr'>ως</span> <span class='ocrx_word' id='word_1_111' title='bbox 1690 528 1721 557; x_wconf 82' lang='grc' dir='ltr'><strong>τὸ</strong></span> <span class='ocrx_word' id='word_1_112' title='bbox 1731 534 1784 557; x_wconf 79' lang='grc' dir='ltr'><strong>πᾶν</strong></span> 
     </span>
    </p>
   </div>
   <div class='ocr_carea' id='block_1_6' title="bbox 222 570 1782 612">
    <p class='ocr_par' dir='ltr' id='par_1_7' title="bbox 222 570 1782 612">
     <span class='ocr_line' id='line_1_18' title="bbox 222 570 1782 612; baseline 0.003 -14"><span class='ocrx_word' id='word_1_113' title='bbox 222 572 307 610; x_wconf 78' lang='lat' dir='ltr'><strong>magis</strong></span> <span class='ocrx_word' id='word_1_114' title='bbox 321 574 513 612; x_wconf 83' lang='lat' dir='ltr'><strong>corripiuntur,</strong></span> <span class='ocrx_word' id='word_1_115' title='bbox 533 584 613 611; x_wconf 74' lang='lat' dir='ltr'><strong>quum</strong></span> <span class='ocrx_word' id='word_1_116' title='bbox 630 573 708 607; x_wconf 77' lang='lat' dir='ltr'><strong>scrae;</strong></span> <span class='ocrx_word' id='word_1_117' title='bbox 727 578 808 609; x_wconf 81' lang='lat' dir='ltr'><strong>atquc</strong></span> <span class='ocrx_word' id='word_1_118' title='bbox 827 571 960 599; x_wconf 84' lang='lat' dir='ltr'><strong>obtrecta—</strong></span> <span class='ocrx_word' id='word_1_119' title='bbox 978 578 995 600; x_wconf 74' lang='grc' dir='ltr'>Ε</span> <span class='ocrx_word' id='word_1_120' title='bbox 1014 572 1235 609; x_wconf 83' lang='grc' dir='ltr'>κατωρθωκότας,</span> <span class='ocrx_word' id='word_1_121' title='bbox 1250 572 1317 600; x_wconf 77' lang='grc' dir='ltr'>οὕτω</span> <span class='ocrx_word' id='word_1_122' title='bbox 1328 574 1380 600; x_wconf 85' lang='grc' dir='ltr'><strong>τῶν</strong></span> <span class='ocrx_word' id='word_1_123' title='bbox 1396 573 1482 601; x_wconf 85' lang='grc' dir='ltr'>ἄλλων</span> <span class='ocrx_word' id='word_1_124' title='bbox 1497 575 1614 611; x_wconf 81' lang='grc' dir='ltr'>ἀμελεῖν.</span> <span class='ocrx_word' id='word_1_125' title='bbox 1630 574 1678 603; x_wconf 87' lang='grc' dir='ltr'><strong>Ἵν’</strong></span> <span class='ocrx_word' id='word_1_126' title='bbox 1689 570 1732 603; x_wconf 66' lang='grc' dir='ltr'><strong>οὖν</strong></span> <span class='ocrx_word' id='word_1_127' title='bbox 1746 575 1782 612; x_wconf 80' lang='grc' dir='ltr'><strong>μὴ</strong></span> 
     </span>
    </p>
   </div>
   <div class='ocr_carea' id='block_1_7' title="bbox 218 616 959 749">
    <p class='ocr_par' dir='ltr' id='par_1_8' title="bbox 218 616 959 749">
     <span class='ocr_line' id='line_1_19' title="bbox 220 616 959 657; baseline 0 -12"><span class='ocrx_word' id='word_1_128' title='bbox 220 618 292 646; x_wconf 82' lang='lat' dir='ltr'><strong>tione</strong></span> <span class='ocrx_word' id='word_1_129' title='bbox 311 621 414 657; x_wconf 75' lang='lat' dir='ltr'><strong>magis,</strong></span> <span class='ocrx_word' id='word_1_130' title='bbox 438 631 517 657; x_wconf 85' lang='lat' dir='ltr'><strong>quam</strong></span> <span class='ocrx_word' id='word_1_131' title='bbox 538 619 585 647; x_wconf 81' lang='lat' dir='ltr'><strong>alii</strong></span> <span class='ocrx_word' id='word_1_132' title='bbox 607 618 807 647; x_wconf 79' lang='lat' dir='ltr'>laudationibus</span> <span class='ocrx_word' id='word_1_133' title='bbox 823 616 959 645; x_wconf 84' lang='lat' dir='ltr'><strong>delectan-</strong></span> 
     </span>
     <span class='ocr_line' id='line_1_20' title="bbox 220 663 956 702; baseline 0 -11"><span class='ocrx_word' id='word_1_134' title='bbox 220 670 273 692; x_wconf 85' lang='lat' dir='ltr'><strong>tur.</strong></span> <span class='ocrx_word' id='word_1_135' title='bbox 290 665 447 693; x_wconf 83' lang='lat' dir='ltr'><strong>Poeniteutia</strong></span> <span class='ocrx_word' id='word_1_136' title='bbox 466 666 515 693; x_wconf 80' lang='lat' dir='ltr'><strong>ista</strong></span> <span class='ocrx_word' id='word_1_137' title='bbox 533 675 584 693; x_wconf 89' lang='lat' dir='ltr'><strong>non</strong></span> <span class='ocrx_word' id='word_1_138' title='bbox 602 671 682 694; x_wconf 84' lang='lat' dir='ltr'><strong>suut:</strong></span> <span class='ocrx_word' id='word_1_139' title='bbox 699 663 863 702; x_wconf 84' lang='lat' dir='ltr'><strong>poenitentiae</strong></span> <span class='ocrx_word' id='word_1_140' title='bbox 881 663 956 692; x_wconf 76' lang='lat' dir='ltr'><strong>larva</strong></span> 
     </span>
     <span class='ocr_line' id='line_1_21' title="bbox 218 709 957 749; baseline -0.001 -11"><span class='ocrx_word' id='word_1_141' title='bbox 218 717 296 748; x_wconf 77' lang='lat' dir='ltr'><strong>atque</strong></span> <span class='ocrx_word' id='word_1_142' title='bbox 309 712 403 740; x_wconf 79' lang='lat' dir='ltr'><strong>umbra</strong></span> <span class='ocrx_word' id='word_1_143' title='bbox 421 714 470 740; x_wconf 68' lang='lat' dir='ltr'><strong>ista</strong></span> <span class='ocrx_word' id='word_1_144' title='bbox 487 718 556 746; x_wconf 84' lang='lat' dir='ltr'><strong>sunt,</strong></span> <span class='ocrx_word' id='word_1_145' title='bbox 572 721 623 738; x_wconf 91' lang='lat' dir='ltr'><strong>non</strong></span> <span class='ocrx_word' id='word_1_146' title='bbox 640 710 802 749; x_wconf 73' lang='lat' dir='ltr'><strong>poenitentia.</strong></span> <span class='ocrx_word' id='word_1_147' title='bbox 819 710 863 738; x_wconf 83' lang='lat' dir='ltr'><strong>Oh</strong></span> <span class='ocrx_word' id='word_1_148' title='bbox 878 709 957 747; x_wconf 83' lang='lat' dir='ltr'><strong>idque</strong></span> 
     </span>
    </p>
   </div>
   <div class='ocr_carea' id='block_1_8' title="bbox 1011 616 1784 748">
    <p class='ocr_par' dir='ltr' id='par_1_9' title="bbox 1011 616 1784 748">
     <span class='ocr_line' id='line_1_22' title="bbox 1012 616 1784 657; baseline 0.005 -13"><span class='ocrx_word' id='word_1_149' title='bbox 1012 617 1070 655; x_wconf 80' lang='grc' dir='ltr'>εἰκῇ</span> <span class='ocrx_word' id='word_1_150' title='bbox 1089 616 1228 654; x_wconf 79' lang='grc' dir='ltr'>κόπτωμεν</span> <span class='ocrx_word' id='word_1_151' title='bbox 1251 617 1373 653; x_wconf 70' lang='grc' dir='ltr'>ἑαυτοὺς,</span> <span class='ocrx_word' id='word_1_152' title='bbox 1395 618 1477 656; x_wconf 84' lang='grc' dir='ltr'>μικρὰ</span> <span class='ocrx_word' id='word_1_153' title='bbox 1502 619 1567 657; x_wconf 77' lang='grc' dir='ltr'>πρὸς</span> <span class='ocrx_word' id='word_1_154' title='bbox 1589 619 1637 651; x_wconf 82' lang='grc' dir='ltr'><strong>τὰς</strong></span> <span class='ocrx_word' id='word_1_155' title='bbox 1660 619 1784 653; x_wconf 76' lang='grc' dir='ltr'>τοιαύτας</span> 
     </span>
     <span class='ocr_line' id='line_1_23' title="bbox 1012 663 1784 703; baseline 0.005 -13"><span class='ocrx_word' id='word_1_156' title='bbox 1012 663 1192 700; x_wconf 77' lang='grc' dir='ltr'>διαλεχθῶμεν</span> <span class='ocrx_word' id='word_1_157' title='bbox 1207 667 1331 701; x_wconf 86' lang='grc' dir='ltr'>γυναῖκας</span> <span class='ocrx_word' id='word_1_158' title='bbox 1342 675 1348 680; x_wconf 91' lang='grc'><em>·</em></span> <span class='ocrx_word' id='word_1_159' title='bbox 1362 665 1490 701; x_wconf 74' lang='grc' dir='ltr'>γυναικῶν</span> <span class='ocrx_word' id='word_1_160' title='bbox 1505 664 1555 703; x_wconf 76' lang='grc' dir='ltr'><strong>γὰρ</strong></span> <span class='ocrx_word' id='word_1_161' title='bbox 1575 665 1690 702; x_wconf 84' lang='grc' dir='ltr'>μάλιστα</span> <span class='ocrx_word' id='word_1_162' title='bbox 1710 666 1784 694; x_wconf 84' lang='grc' dir='ltr'>τουτὶ</span> 
     </span>
     <span class='ocr_line' id='line_1_24' title="bbox 1011 707 1783 748; baseline 0.004 -13"><span class='ocrx_word' id='word_1_163' title='bbox 1011 708 1041 736; x_wconf 81' lang='grc' dir='ltr'><strong>τὸ</strong></span> <span class='ocrx_word' id='word_1_164' title='bbox 1054 707 1166 745; x_wconf 77' lang='grc' dir='ltr'>νόσημα.</span> <span class='ocrx_word' id='word_1_165' title='bbox 1183 709 1271 737; x_wconf 77' lang='grc' dir='ltr'>Καλὸν</span> <span class='ocrx_word' id='word_1_166' title='bbox 1288 708 1334 747; x_wconf 79' lang='grc' dir='ltr'><strong>μὲν</strong></span> <span class='ocrx_word' id='word_1_167' title='bbox 1346 709 1391 737; x_wconf 82' lang='grc' dir='ltr'>καὶ</span> <span class='ocrx_word' id='word_1_168' title='bbox 1404 712 1481 737; x_wconf 75' lang='grc' dir='ltr'>τοῦτο</span> <span class='ocrx_word' id='word_1_169' title='bbox 1492 709 1506 737; x_wconf 81' lang='grc' dir='ltr'><strong>ὃ</strong></span> <span class='ocrx_word' id='word_1_170' title='bbox 1521 709 1652 748; x_wconf 81' lang='grc' dir='ltr'>πράττετε</span> <span class='ocrx_word' id='word_1_171' title='bbox 1665 712 1719 743; x_wconf 77' lang='grc' dir='ltr'>νῦν,</span> <span class='ocrx_word' id='word_1_172' title='bbox 1734 722 1783 745; x_wconf 85' lang='grc' dir='ltr'><strong>νη-</strong></span> 
     </span>
    </p>
   </div>
   <div class='ocr_carea' id='block_1_9' title="bbox 1010 752 1780 793">
    <p class='ocr_par' dir='ltr' id='par_1_10' title="bbox 1010 752 1780 793">
     <span class='ocr_line' id='line_1_25' title="bbox 1010 752 1780 793; baseline 0.003 -12"><span class='ocrx_word' id='word_1_173' title='bbox 1010 752 1084 781; x_wconf 82' lang='grc' dir='ltr'>στεία</span> <span class='ocrx_word' id='word_1_174' title='bbox 1095 753 1139 781; x_wconf 74' lang='grc' dir='ltr'>καὶ</span> <span class='ocrx_word' id='word_1_175' title='bbox 1153 753 1284 792; x_wconf 81' lang='grc' dir='ltr'>χαμευνία</span> <span class='ocrx_word' id='word_1_176' title='bbox 1296 753 1340 782; x_wconf 79' lang='grc' dir='ltr'><strong>καὶ</strong></span> <span class='ocrx_word' id='word_1_177' title='bbox 1351 754 1445 786; x_wconf 80' lang='grc' dir='ltr'>σποδός</span> <span class='ocrx_word' id='word_1_178' title='bbox 1453 766 1458 771; x_wconf 94' lang='grc'><em>·</em></span> <span class='ocrx_word' id='word_1_179' title='bbox 1474 755 1532 782; x_wconf 85' lang='grc' dir='ltr'>ἀλλ’</span> <span class='ocrx_word' id='word_1_180' title='bbox 1544 754 1605 783; x_wconf 79' lang='grc' dir='ltr'>ὅταν</span> <span class='ocrx_word' id='word_1_181' title='bbox 1620 754 1654 783; x_wconf 80' lang='grc' dir='ltr'><strong>τὰ</strong></span> <span class='ocrx_word' id='word_1_182' title='bbox 1665 754 1732 784; x_wconf 75' lang='grc' dir='ltr'>ἀλλὰ</span> <span class='ocrx_word' id='word_1_183' title='bbox 1743 755 1780 793; x_wconf 82' lang='grc' dir='ltr'><strong>μὴ</strong></span> 
     </span>
    </p>
   </div>
   <div class='ocr_carea' id='block_1_10' title="bbox 216 755 1780 840">
    <p class='ocr_par' dir='ltr' id='par_1_11' title="bbox 216 755 1780 840">
     <span class='ocr_line' id='line_1_26' title="bbox 216 755 956 794; baseline 0 -11"><span class='ocrx_word' id='word_1_184' title='bbox 216 756 250 784; x_wconf 83' lang='lat' dir='ltr'><strong>ad</strong></span> <span class='ocrx_word' id='word_1_185' title='bbox 265 757 395 794; x_wconf 84' lang='lat' dir='ltr'><strong>ejusmodi</strong></span> <span class='ocrx_word' id='word_1_186' title='bbox 409 757 528 785; x_wconf 88' lang='lat' dir='ltr'><strong>homiues</strong></span> <span class='ocrx_word' id='word_1_187' title='bbox 542 756 613 785; x_wconf 84' lang='lat' dir='ltr'><strong>illud</strong></span> <span class='ocrx_word' id='word_1_188' title='bbox 627 766 757 794; x_wconf 81' lang='lat' dir='ltr'><strong>usurpare</strong></span> <span class='ocrx_word' id='word_1_189' title='bbox 770 756 843 793; x_wconf 87' lang='lat' dir='ltr'><strong>licet,</strong></span> <span class='ocrx_word' id='word_1_190' title='bbox 858 755 956 784; x_wconf 73' lang='lat' dir='ltr'><strong>Videte</strong></span> 
     </span>
     <span class='ocr_line' id='line_1_27' title="bbox 1467 799 1780 840; baseline 0.006 -12"><span class='ocrx_word' id='word_1_191' title='bbox 1467 799 1571 833; x_wconf 82' lang='grc' dir='ltr'>Ἔδειξε</span> <span class='ocrx_word' id='word_1_192' title='bbox 1593 802 1649 832; x_wconf 85' lang='grc' dir='ltr'><strong>πῶς</strong></span> <span class='ocrx_word' id='word_1_193' title='bbox 1672 801 1780 840; x_wconf 71' lang='grc' dir='ltr'>ἀφίησιν</span> 
     </span>
    </p>
   </div>
   <div class='ocr_carea' id='block_1_11' title="bbox 207 801 1779 1068">
    <p class='ocr_par' dir='ltr' id='par_1_12' title="bbox 207 801 1779 1068">
     <span class='ocr_line' id='line_1_28' title="bbox 215 801 954 839; baseline 0.001 -11"><span class='ocrx_word' id='word_1_194' title='bbox 215 811 248 828; x_wconf 86' lang='lat' dir='ltr'><strong>ne</strong></span> <span class='ocrx_word' id='word_1_195' title='bbox 271 802 512 830; x_wconf 75' lang='lat' dir='ltr'>circumveniamur</span> <span class='ocrx_word' id='word_1_196' title='bbox 523 812 538 829; x_wconf 83' lang='lat' dir='ltr'><strong>a</strong></span> <span class='ocrx_word' id='word_1_197' title='bbox 553 808 658 837; x_wconf 79' lang='lat' dir='ltr'><strong>satana;</strong></span> <span class='ocrx_word' id='word_1_198' title='bbox 674 812 726 829; x_wconf 91' lang='lat' dir='ltr'><strong>non</strong></span> <span class='ocrx_word' id='word_1_199' title='bbox 741 801 810 829; x_wconf 82' lang='lat' dir='ltr'><strong>enim</strong></span> <span class='ocrx_word' id='word_1_200' title='bbox 831 801 888 839; x_wconf 82' lang='lat' dir='ltr'><strong>ejus</strong></span> <span class='ocrx_word' id='word_1_201' title='bbox 911 811 954 829; x_wconf 87' lang='lat' dir='ltr'><strong>co-</strong></span> 
     </span>
     <span class='ocr_line' id='line_1_29' title="bbox 213 847 951 887; baseline 0 -13"><span class='ocrx_word' id='word_1_202' title='bbox 213 847 353 883; x_wconf 72' lang='lat' dir='ltr'><strong>gitationes</strong></span> <span class='ocrx_word' id='word_1_203' title='bbox 369 847 533 885; x_wconf 79' lang='lat' dir='ltr'>ignoramus.</span> <span class='ocrx_word' id='word_1_204' title='bbox 558 848 632 876; x_wconf 77' lang='lat' dir='ltr'><strong>Alios</strong></span> <span class='ocrx_word' id='word_1_205' title='bbox 653 847 755 886; x_wconf 81' lang='lat' dir='ltr'><strong>quippe</strong></span> <span class='ocrx_word' id='word_1_206' title='bbox 770 858 818 887; x_wconf 86' lang='lat' dir='ltr'><strong>per</strong></span> <span class='ocrx_word' id='word_1_207' title='bbox 832 853 951 886; x_wconf 83' lang='lat' dir='ltr'><strong>peccata,</strong></span> 
     </span>
     <span class='ocr_line' id='line_1_30' title="bbox 211 892 951 932; baseline 0.003 -13"><span class='ocrx_word' id='word_1_208' title='bbox 211 892 276 920; x_wconf 86' lang='lat' dir='ltr'><strong>alios</strong></span> <span class='ocrx_word' id='word_1_209' title='bbox 288 903 335 931; x_wconf 83' lang='lat' dir='ltr'><strong>per</strong></span> <span class='ocrx_word' id='word_1_210' title='bbox 346 893 536 931; x_wconf 79' lang='lat' dir='ltr'><strong>poenitentiam,</strong></span> <span class='ocrx_word' id='word_1_211' title='bbox 547 893 614 921; x_wconf 86' lang='lat' dir='ltr'><strong>alios</strong></span> <span class='ocrx_word' id='word_1_212' title='bbox 621 893 674 922; x_wconf 85' lang='lat' dir='ltr'><strong>alio</strong></span> <span class='ocrx_word' id='word_1_213' title='bbox 683 892 762 921; x_wconf 88' lang='lat' dir='ltr'><strong>modo</strong></span> <span class='ocrx_word' id='word_1_214' title='bbox 773 893 874 932; x_wconf 72' lang='lat' dir='ltr'><strong>perdit,</strong></span> <span class='ocrx_word' id='word_1_215' title='bbox 885 893 951 922; x_wconf 86' lang='lat' dir='ltr'><strong>dum</strong></span> 
     </span>
     <span class='ocr_line' id='line_1_31' title="bbox 209 937 1779 978; baseline 0.001 -13"><span class='ocrx_word' id='word_1_216' title='bbox 209 938 333 966; x_wconf 67' lang='lat' dir='ltr'><strong>videlicet</strong></span> <span class='ocrx_word' id='word_1_217' title='bbox 353 949 396 967; x_wconf 89' lang='lat' dir='ltr'><strong>eos</strong></span> <span class='ocrx_word' id='word_1_218' title='bbox 410 939 516 967; x_wconf 88' lang='lat' dir='ltr'><strong>nullum</strong></span> <span class='ocrx_word' id='word_1_219' title='bbox 537 949 570 967; x_wconf 79' lang='lat' dir='ltr'><strong>ex</strong></span> <span class='ocrx_word' id='word_1_220' title='bbox 585 939 741 978; x_wconf 82' lang='lat' dir='ltr'><strong>poenitentia</strong></span> <span class='ocrx_word' id='word_1_221' title='bbox 755 939 873 967; x_wconf 84' lang='lat' dir='ltr'><strong>fructum</strong></span> <span class='ocrx_word' id='word_1_222' title='bbox 890 950 950 978; x_wconf 84' lang='lat' dir='ltr'><strong>per·</strong></span> <span class='ocrx_word' id='word_1_223' title='bbox 960 959 995 978; x_wconf 58' lang='lat'><strong>433</strong></span> <span class='ocrx_word' id='word_1_224' title='bbox 1006 938 1051 966; x_wconf 77' lang='grc' dir='ltr'><strong>καὶ</strong></span> <span class='ocrx_word' id='word_1_225' title='bbox 1071 937 1196 972; x_wconf 80' lang='grc' dir='ltr'>ἐποίησαν</span> <span class='ocrx_word' id='word_1_226' title='bbox 1212 941 1295 966; x_wconf 75' lang='grc' dir='ltr'>ταῦτα</span> <span class='ocrx_word' id='word_1_227' title='bbox 1307 961 1314 973; x_wconf 76' lang='grc'>,</span> <span class='ocrx_word' id='word_1_228' title='bbox 1327 937 1343 965; x_wconf 84' lang='grc' dir='ltr'>ἃ</span> <span class='ocrx_word' id='word_1_229' title='bbox 1358 938 1403 966; x_wconf 82' lang='grc' dir='ltr'><strong>καὶ</strong></span> <span class='ocrx_word' id='word_1_230' title='bbox 1425 939 1500 975; x_wconf 81' lang='grc' dir='ltr'>ὑμεῖς</span> <span class='ocrx_word' id='word_1_231' title='bbox 1518 941 1616 966; x_wconf 82' lang='grc' dir='ltr'>ποιεῖτε</span> <span class='ocrx_word' id='word_1_232' title='bbox 1642 941 1700 966; x_wconf 78' lang='grc' dir='ltr'>νῦν·</span> <span class='ocrx_word' id='word_1_233' title='bbox 1717 939 1779 975; x_wconf 86' lang='grc' dir='ltr'>ἀλλ,</span> 
     </span>
     <span class='ocr_line' id='line_1_32' title="bbox 209 982 1777 1024; baseline 0 -12"><span class='ocrx_word' id='word_1_234' title='bbox 209 984 297 1022; x_wconf 83' lang='lat' dir='ltr'><strong>cipere</strong></span> <span class='ocrx_word' id='word_1_235' title='bbox 308 985 380 1013; x_wconf 89' lang='lat' dir='ltr'><strong>sinit.</strong></span> <span class='ocrx_word' id='word_1_236' title='bbox 399 986 467 1013; x_wconf 83' lang='lat' dir='ltr'><strong>Nam</strong></span> <span class='ocrx_word' id='word_1_237' title='bbox 483 995 545 1013; x_wconf 91' lang='lat' dir='ltr'><strong>cum</strong></span> <span class='ocrx_word' id='word_1_238' title='bbox 560 984 725 1022; x_wconf 82' lang='lat' dir='ltr'><strong>quibusdam</strong></span> <span class='ocrx_word' id='word_1_239' title='bbox 737 991 808 1013; x_wconf 84' lang='lat' dir='ltr'><strong>recta</strong></span> <span class='ocrx_word' id='word_1_240' title='bbox 826 985 871 1013; x_wconf 78' lang='lat' dir='ltr'><strong>via</strong></span> <span class='ocrx_word' id='word_1_241' title='bbox 890 996 948 1024; x_wconf 84' lang='lat' dir='ltr'><strong>per·</strong></span> <span class='ocrx_word' id='word_1_242' title='bbox 969 988 987 1008; x_wconf 78' lang='grc' dir='ltr'>Α</span> <span class='ocrx_word' id='word_1_243' title='bbox 1005 983 1100 1021; x_wconf 83' lang='grc' dir='ltr'>ἴδωμεν</span> <span class='ocrx_word' id='word_1_244' title='bbox 1112 983 1137 1011; x_wconf 90' lang='grc' dir='ltr'><strong>τί</strong></span> <span class='ocrx_word' id='word_1_245' title='bbox 1148 982 1240 1015; x_wconf 79' lang='grc' dir='ltr'>αὐτοὺς</span> <span class='ocrx_word' id='word_1_246' title='bbox 1257 983 1386 1022; x_wconf 70' lang='grc' dir='ltr'>ὠφέλησε.</span> <span class='ocrx_word' id='word_1_247' title='bbox 1398 983 1525 1022; x_wconf 77' lang='grc' dir='ltr'>Καθάπερ</span> <span class='ocrx_word' id='word_1_248' title='bbox 1539 982 1590 1022; x_wconf 84' lang='grc' dir='ltr'><strong>γὰρ</strong></span> <span class='ocrx_word' id='word_1_249' title='bbox 1602 983 1645 1012; x_wconf 79' lang='grc' dir='ltr'>ἐπὶ</span> <span class='ocrx_word' id='word_1_250' title='bbox 1659 985 1711 1012; x_wconf 76' lang='grc' dir='ltr'><strong>τῶν</strong></span> <span class='ocrx_word' id='word_1_251' title='bbox 1725 995 1777 1012; x_wconf 80' lang='grc' dir='ltr'><strong>κα-</strong></span> 
     </span>
     <span class='ocr_line' id='line_1_33' title="bbox 207 1029 1778 1068; baseline 0 -10"><span class='ocrx_word' id='word_1_252' title='bbox 207 1030 304 1058; x_wconf 88' lang='lat' dir='ltr'><strong>niciem</strong></span> <span class='ocrx_word' id='word_1_253' title='bbox 315 1031 410 1058; x_wconf 76' lang='lat' dir='ltr'><strong>afferre</strong></span> <span class='ocrx_word' id='word_1_254' title='bbox 424 1031 524 1068; x_wconf 88' lang='lat' dir='ltr'><strong>nequit,</strong></span> <span class='ocrx_word' id='word_1_255' title='bbox 536 1031 648 1058; x_wconf 82' lang='lat' dir='ltr'><strong>alteram</strong></span> <span class='ocrx_word' id='word_1_256' title='bbox 659 1030 732 1059; x_wconf 80' lang='lat' dir='ltr'><strong>viam</strong></span> <span class='ocrx_word' id='word_1_257' title='bbox 743 1030 804 1065; x_wconf 83' lang='lat' dir='ltr'><strong>init,</strong></span> <span class='ocrx_word' id='word_1_258' title='bbox 817 1031 910 1068; x_wconf 85' lang='lat' dir='ltr'><strong>sicque</strong></span> <span class='ocrx_word' id='word_1_259' title='bbox 921 1042 948 1060; x_wconf 84' lang='lat' dir='ltr'><strong>se</strong></span> <span class='ocrx_word' id='word_1_260' title='bbox 1004 1029 1120 1066; x_wconf 84' lang='grc' dir='ltr'>μνόντων</span> <span class='ocrx_word' id='word_1_261' title='bbox 1133 1029 1219 1058; x_wconf 83' lang='grc' dir='ltr'>πολλὰ</span> <span class='ocrx_word' id='word_1_262' title='bbox 1233 1029 1280 1067; x_wconf 83' lang='grc' dir='ltr'><strong>μὲν</strong></span> <span class='ocrx_word' id='word_1_263' title='bbox 1296 1029 1437 1068; x_wconf 79' lang='grc' dir='ltr'>ἐπάγουσιν</span> <span class='ocrx_word' id='word_1_264' title='bbox 1449 1030 1472 1057; x_wconf 83' lang='grc' dir='ltr'>οἱ</span> <span class='ocrx_word' id='word_1_265' title='bbox 1487 1029 1587 1068; x_wconf 79' lang='grc' dir='ltr'>ἰατροὶ,</span> <span class='ocrx_word' id='word_1_266' title='bbox 1601 1031 1614 1057; x_wconf 87' lang='grc' dir='ltr'>ὁ</span> <span class='ocrx_word' id='word_1_267' title='bbox 1633 1029 1659 1057; x_wconf 85' lang='grc' dir='ltr'><strong>δὲ</strong></span> <span class='ocrx_word' id='word_1_268' title='bbox 1674 1029 1778 1063; x_wconf 81' lang='grc' dir='ltr'>συνετὸς</span> 
     </span>
    </p>
   </div>
   <div class='ocr_carea' id='block_1_12' title="bbox 1007 800 1780 930">
    <p class='ocr_par' dir='ltr' id='par_1_13' title="bbox 1007 800 1780 930">
     <span class='ocr_line' id='line_1_34' title="bbox 1008 800 1447 839; baseline 0 -11"><span class='ocrx_word' id='word_1_269' title='bbox 1008 802 1110 838; x_wconf 75' lang='grc' dir='ltr'>προσῆ,</span> <span class='ocrx_word' id='word_1_270' title='bbox 1126 800 1224 828; x_wconf 81' lang='grc' dir='ltr'>τούτων</span> <span class='ocrx_word' id='word_1_271' title='bbox 1249 800 1340 839; x_wconf 66' lang='grc' dir='ltr'>ὄφελος</span> <span class='ocrx_word' id='word_1_272' title='bbox 1365 800 1447 828; x_wconf 78' lang='grc' dir='ltr'>οὐδέν.</span> 
     </span>
     <span class='ocr_line' id='line_1_35' title="bbox 1008 845 1780 884; baseline 0.003 -11"><span class='ocrx_word' id='word_1_273' title='bbox 1008 845 1138 884; x_wconf 78' lang='grc' dir='ltr'>ἁμαρτίας</span> <span class='ocrx_word' id='word_1_274' title='bbox 1154 848 1166 874; x_wconf 84' lang='grc' dir='ltr'>ὁ</span> <span class='ocrx_word' id='word_1_275' title='bbox 1181 846 1248 878; x_wconf 87' lang='grc' dir='ltr'>Θεός</span> <span class='ocrx_word' id='word_1_276' title='bbox 1260 858 1265 863; x_wconf 86' lang='grc'><strong>’</strong></span> <span class='ocrx_word' id='word_1_277' title='bbox 1282 846 1309 874; x_wconf 87' lang='grc' dir='ltr'><strong>τί</strong></span> <span class='ocrx_word' id='word_1_278' title='bbox 1319 846 1404 874; x_wconf 82' lang='grc' dir='ltr'>τοίνυν</span> <span class='ocrx_word' id='word_1_279' title='bbox 1416 845 1517 881; x_wconf 80' lang='grc' dir='ltr'>ἐκείνην</span> <span class='ocrx_word' id='word_1_280' title='bbox 1530 847 1636 884; x_wconf 81' lang='grc' dir='ltr'>ἀφέντες</span> <span class='ocrx_word' id='word_1_281' title='bbox 1649 846 1697 882; x_wconf 85' lang='grc' dir='ltr'><strong>τὴν</strong></span> <span class='ocrx_word' id='word_1_282' title='bbox 1711 847 1780 883; x_wconf 83' lang='grc' dir='ltr'>ὁδὸν,</span> 
     </span>
     <span class='ocr_line' id='line_1_36' title="bbox 1007 890 1780 930; baseline 0.003 -11"><span class='ocrx_word' id='word_1_283' title='bbox 1007 890 1098 930; x_wconf 77' lang='grc' dir='ltr'>ἑτέραν</span> <span class='ocrx_word' id='word_1_284' title='bbox 1113 893 1213 924; x_wconf 80' lang='grc' dir='ltr'>ἑαυτοῖς</span> <span class='ocrx_word' id='word_1_285' title='bbox 1226 891 1351 929; x_wconf 82' lang='grc' dir='ltr'>τέμνετε;</span> <span class='ocrx_word' id='word_1_286' title='bbox 1364 892 1505 930; x_wconf 63' lang='grc' dir='ltr'>Ἵὶμαρτον</span> <span class='ocrx_word' id='word_1_287' title='bbox 1517 893 1540 920; x_wconf 79' lang='grc' dir='ltr'>οἱ</span> <span class='ocrx_word' id='word_1_288' title='bbox 1555 892 1690 921; x_wconf 71' lang='grc' dir='ltr'>Νινευῖταί</span> <span class='ocrx_word' id='word_1_289' title='bbox 1700 904 1780 929; x_wconf 84' lang='grc' dir='ltr'>ποτε,</span> 
     </span>
    </p>
   </div>
   <div class='ocr_carea' id='block_1_13' title="bbox 207 1074 1777 1115">
    <p class='ocr_par' dir='ltr' id='par_1_14' title="bbox 207 1074 1777 1115">
     <span class='ocr_line' id='line_1_37' title="bbox 207 1074 1777 1115; baseline 0 -11"><span class='ocrx_word' id='word_1_290' title='bbox 207 1083 353 1115; x_wconf 81' lang='lat' dir='ltr'><strong>comparat,</strong></span> <span class='ocrx_word' id='word_1_291' title='bbox 368 1083 398 1104; x_wconf 92' lang='lat' dir='ltr'><strong>ut</strong></span> <span class='ocrx_word' id='word_1_292' title='bbox 419 1077 522 1105; x_wconf 87' lang='lat' dir='ltr'><strong>labores</strong></span> <span class='ocrx_word' id='word_1_293' title='bbox 536 1076 647 1115; x_wconf 88' lang='lat' dir='ltr'><strong>quidem</strong></span> <span class='ocrx_word' id='word_1_294' title='bbox 660 1083 763 1114; x_wconf 81' lang='lat' dir='ltr'><strong>augeat,</strong></span> <span class='ocrx_word' id='word_1_295' title='bbox 783 1077 886 1105; x_wconf 83' lang='lat' dir='ltr'><strong>fructus</strong></span> <span class='ocrx_word' id='word_1_296' title='bbox 899 1087 946 1105; x_wconf 83' lang='lat' dir='ltr'><strong>au-</strong></span> <span class='ocrx_word' id='word_1_297' title='bbox 1002 1076 1030 1103; x_wconf 82' lang='grc' dir='ltr'>οὔ</span> <span class='ocrx_word' id='word_1_298' title='bbox 1044 1078 1120 1104; x_wconf 70' lang='grc' dir='ltr'>τοῦτο</span> <span class='ocrx_word' id='word_1_299' title='bbox 1134 1079 1241 1111; x_wconf 85' lang='grc' dir='ltr'>σκοπεῖ,</span> <span class='ocrx_word' id='word_1_300' title='bbox 1254 1075 1334 1104; x_wconf 76' lang='grc' dir='ltr'>ὅτιτὸ</span> <span class='ocrx_word' id='word_1_301' title='bbox 1351 1075 1396 1103; x_wconf 82' lang='grc' dir='ltr'><strong>καὶ</strong></span> <span class='ocrx_word' id='word_1_302' title='bbox 1410 1075 1440 1103; x_wconf 82' lang='grc' dir='ltr'><strong>τὸ</strong></span> <span class='ocrx_word' id='word_1_303' title='bbox 1461 1074 1581 1109; x_wconf 80' lang='grc' dir='ltr'>ἐποίησεν</span> <span class='ocrx_word' id='word_1_304' title='bbox 1594 1077 1608 1103; x_wconf 86' lang='grc' dir='ltr'>ὁ</span> <span class='ocrx_word' id='word_1_305' title='bbox 1623 1077 1777 1114; x_wconf 78' lang='grc' dir='ltr'>ἀῤῥωστῶν,</span> 
     </span>
    </p>
   </div>
   <div class='ocr_carea' id='block_1_14' title="bbox 203 1124 945 1301">
    <p class='ocr_par' dir='ltr' id='par_1_15' title="bbox 203 1124 945 1301">
     <span class='ocr_line' id='line_1_38' title="bbox 204 1124 945 1164; baseline 0.001 -12"><span class='ocrx_word' id='word_1_306' title='bbox 204 1131 256 1153; x_wconf 83' lang='lat' dir='ltr'><strong>tem</strong></span> <span class='ocrx_word' id='word_1_307' title='bbox 272 1125 383 1161; x_wconf 79' lang='lat' dir='ltr'>adimat,</span> <span class='ocrx_word' id='word_1_308' title='bbox 397 1124 514 1163; x_wconf 78' lang='lat' dir='ltr'><strong>ipsisque</strong></span> <span class='ocrx_word' id='word_1_309' title='bbox 522 1126 574 1153; x_wconf 86' lang='lat' dir='ltr'><strong>hoc</strong></span> <span class='ocrx_word' id='word_1_310' title='bbox 589 1124 757 1164; x_wconf 82' lang='lat' dir='ltr'><strong>persuadeat,</strong></span> <span class='ocrx_word' id='word_1_311' title='bbox 769 1131 797 1152; x_wconf 83' lang='lat' dir='ltr'><strong>ut</strong></span> <span class='ocrx_word' id='word_1_312' title='bbox 808 1131 945 1162; x_wconf 79' lang='lat' dir='ltr'><strong>tamquam</strong></span> 
     </span>
     <span class='ocr_line' id='line_1_39' title="bbox 204 1171 944 1210; baseline 0.001 -11"><span class='ocrx_word' id='word_1_313' title='bbox 204 1172 277 1199; x_wconf 90' lang='lat' dir='ltr'><strong>omni</strong></span> <span class='ocrx_word' id='word_1_314' title='bbox 291 1182 324 1199; x_wconf 78' lang='lat' dir='ltr'><strong>cx</strong></span> <span class='ocrx_word' id='word_1_315' title='bbox 338 1178 414 1210; x_wconf 84' lang='lat' dir='ltr'><strong>parte</strong></span> <span class='ocrx_word' id='word_1_316' title='bbox 425 1171 514 1200; x_wconf 86' lang='lat' dir='ltr'><strong>officio</strong></span> <span class='ocrx_word' id='word_1_317' title='bbox 525 1171 668 1210; x_wconf 86' lang='lat' dir='ltr'><strong>perfuncti,</strong></span> <span class='ocrx_word' id='word_1_318' title='bbox 682 1171 785 1209; x_wconf 80' lang='lat' dir='ltr'><strong>reliqua</strong></span> <span class='ocrx_word' id='word_1_319' title='bbox 799 1171 944 1209; x_wconf 81' lang='lat' dir='ltr'><strong>negligant.</strong></span> 
     </span>
     <span class='ocr_line' id='line_1_40' title="bbox 203 1217 945 1255; baseline 0.001 -10"><span class='ocrx_word' id='word_1_320' title='bbox 203 1217 336 1251; x_wconf 81' lang='lat' dir='ltr'>Quocirca</span> <span class='ocrx_word' id='word_1_321' title='bbox 354 1228 386 1245; x_wconf 88' lang='lat' dir='ltr'><strong>ne</strong></span> <span class='ocrx_word' id='word_1_322' title='bbox 401 1218 535 1245; x_wconf 85' lang='lat' dir='ltr'><strong>incassum</strong></span> <span class='ocrx_word' id='word_1_323' title='bbox 548 1217 669 1255; x_wconf 85' lang='lat' dir='ltr'>nosipsos</span> <span class='ocrx_word' id='word_1_324' title='bbox 680 1227 819 1253; x_wconf 81' lang='lat' dir='ltr'>vexemus,</span> <span class='ocrx_word' id='word_1_325' title='bbox 834 1217 945 1246; x_wconf 86' lang='lat' dir='ltr'><strong>brevem</strong></span> 
     </span>
     <span class='ocr_line' id='line_1_41' title="bbox 204 1262 945 1301; baseline 0.001 -11"><span class='ocrx_word' id='word_1_326' title='bbox 204 1262 240 1290; x_wconf 89' lang='lat' dir='ltr'><strong>ad</strong></span> <span class='ocrx_word' id='word_1_327' title='bbox 254 1262 410 1301; x_wconf 86' lang='lat' dir='ltr'><strong>hujusmodi</strong></span> <span class='ocrx_word' id='word_1_328' title='bbox 421 1262 545 1290; x_wconf 88' lang='lat' dir='ltr'><strong>mulieres</strong></span> <span class='ocrx_word' id='word_1_329' title='bbox 555 1263 703 1290; x_wconf 76' lang='lat' dir='ltr'><strong>orationem</strong></span> <span class='ocrx_word' id='word_1_330' title='bbox 712 1262 859 1291; x_wconf 79' lang='lat' dir='ltr'><strong>habeamus</strong></span> <span class='ocrx_word' id='word_1_331' title='bbox 869 1275 875 1290; x_wconf 89' lang='lat'>:</span> <span class='ocrx_word' id='word_1_332' title='bbox 886 1274 945 1291; x_wconf 91' lang='lat' dir='ltr'><strong>mu-</strong></span> 
     </span>
    </p>
   </div>
   <div class='ocr_carea' id='block_1_15' title="bbox 66 1308 944 1347">
    <p class='ocr_par' dir='ltr' id='par_1_16' title="bbox 66 1308 944 1347">
     <span class='ocr_line' id='line_1_42' title="bbox 66 1308 944 1347; baseline 0.001 -11"><span class='ocrx_word' id='word_1_333' title='bbox 66 1316 197 1338; x_wconf 67' lang='lat' dir='ltr'><strong>Pmnneuua</strong></span> <span class='ocrx_word' id='word_1_334' title='bbox 205 1308 304 1336; x_wconf 81' lang='lat' dir='ltr'><strong>lierum</strong></span> <span class='ocrx_word' id='word_1_335' title='bbox 315 1308 386 1336; x_wconf 89' lang='lat' dir='ltr'><strong>enim</strong></span> <span class='ocrx_word' id='word_1_336' title='bbox 400 1308 570 1347; x_wconf 87' lang='lat' dir='ltr'><strong>potissimum</strong></span> <span class='ocrx_word' id='word_1_337' title='bbox 584 1308 628 1336; x_wconf 86' lang='lat' dir='ltr'><strong>hic</strong></span> <span class='ocrx_word' id='word_1_338' title='bbox 643 1308 754 1336; x_wconf 82' lang='lat' dir='ltr'>morbus</span> <span class='ocrx_word' id='word_1_339' title='bbox 765 1315 814 1336; x_wconf 86' lang='lat' dir='ltr'><strong>est.</strong></span> <span class='ocrx_word' id='word_1_340' title='bbox 829 1309 944 1337; x_wconf 76' lang='lat' dir='ltr'><strong>Praecla-</strong></span> 
     </span>
    </p>
   </div>
   <div class='ocr_carea' id='block_1_16' title="bbox 53 1355 169 1375">
    <p class='ocr_par' dir='ltr' id='par_1_17' title="bbox 53 1355 169 1375">
     <span class='ocr_line' id='line_1_43' title="bbox 53 1355 169 1375; baseline 0.026 -9"><span class='ocrx_word' id='word_1_341' title='bbox 53 1355 60 1366; x_wconf 65' lang='lat' dir='ltr'>x</span> <span class='ocrx_word' id='word_1_342' title='bbox 68 1358 72 1365; x_wconf 76' lang='grc' dir='ltr'>ι</span> <span class='ocrx_word' id='word_1_343' title='bbox 82 1355 102 1367; x_wconf 76' lang='lat' dir='ltr'><strong>tu</strong></span> <span class='ocrx_word' id='word_1_344' title='bbox 115 1356 169 1375; x_wconf 66' lang='lat' dir='ltr'><strong>qum.</strong></span> 
     </span>
    </p>
   </div>
   <div class='ocr_carea' id='block_1_17' title="bbox 43 2503 132 2524">
    <p class='ocr_par' dir='ltr' id='par_1_18' title="bbox 43 2503 132 2524">
     <span class='ocr_line' id='line_1_44' title="bbox 43 2503 132 2524; baseline 0.011 -3"><span class='ocrx_word' id='word_1_345' title='bbox 43 2503 104 2524; x_wconf 56' lang='lat' dir='ltr'><strong>dmm&gt;</strong></span> <span class='ocrx_word' id='word_1_346' title='bbox 120 2504 132 2523; x_wconf 70' lang='grc' dir='ltr'><strong>,ἶ</strong></span> 
     </span>
    </p>
   </div>
   <div class='ocr_carea' id='block_1_18' title="bbox 195 1353 948 2119">
    <p class='ocr_par' dir='ltr' id='par_1_19' title="bbox 195 1353 948 2119">
     <span class='ocr_line' id='line_1_45' title="bbox 205 1353 944 1392; baseline 0 -9"><span class='ocrx_word' id='word_1_347' title='bbox 205 1365 266 1383; x_wconf 87' lang='lat' dir='ltr'><strong>rum</strong></span> <span class='ocrx_word' id='word_1_348' title='bbox 280 1354 391 1392; x_wconf 89' lang='lat' dir='ltr'><strong>quidem</strong></span> <span class='ocrx_word' id='word_1_349' title='bbox 403 1354 454 1382; x_wconf 89' lang='lat' dir='ltr'><strong>hoc</strong></span> <span class='ocrx_word' id='word_1_350' title='bbox 469 1364 576 1392; x_wconf 87' lang='lat' dir='ltr'><strong>quoque</strong></span> <span class='ocrx_word' id='word_1_351' title='bbox 597 1361 644 1390; x_wconf 84' lang='lat' dir='ltr'><strong>est,</strong></span> <span class='ocrx_word' id='word_1_352' title='bbox 659 1353 731 1392; x_wconf 87' lang='lat' dir='ltr'><strong>quod</strong></span> <span class='ocrx_word' id='word_1_353' title='bbox 751 1364 822 1382; x_wconf 90' lang='lat' dir='ltr'><strong>nunc</strong></span> <span class='ocrx_word' id='word_1_354' title='bbox 842 1354 944 1389; x_wconf 81' lang='lat' dir='ltr'><strong>facitis,</strong></span> 
     </span>
     <span class='ocr_line' id='line_1_46' title="bbox 203 1399 945 1438; baseline 0 -11"><span class='ocrx_word' id='word_1_355' title='bbox 203 1400 255 1428; x_wconf 88' lang='lat' dir='ltr'><strong>hoc</strong></span> <span class='ocrx_word' id='word_1_356' title='bbox 269 1406 308 1428; x_wconf 89' lang='lat' dir='ltr'><strong>est</strong></span> <span class='ocrx_word' id='word_1_357' title='bbox 316 1400 437 1438; x_wconf 86' lang='lat' dir='ltr'><strong>jejunare</strong></span> <span class='ocrx_word' id='word_1_358' title='bbox 448 1406 472 1428; x_wconf 84' lang='lat' dir='ltr'><strong>et</strong></span> <span class='ocrx_word' id='word_1_359' title='bbox 487 1399 563 1427; x_wconf 87' lang='lat' dir='ltr'><strong>humi</strong></span> <span class='ocrx_word' id='word_1_360' title='bbox 577 1399 675 1427; x_wconf 82' lang='lat' dir='ltr'><strong>cubare</strong></span> <span class='ocrx_word' id='word_1_361' title='bbox 687 1410 718 1428; x_wconf 89' lang='lat' dir='ltr'><strong>ac</strong></span> <span class='ocrx_word' id='word_1_362' title='bbox 739 1399 854 1427; x_wconf 82' lang='lat' dir='ltr'><strong>cinerem</strong></span> <span class='ocrx_word' id='word_1_363' title='bbox 865 1399 945 1428; x_wconf 81' lang='lat' dir='ltr'><strong>adhi-</strong></span> 
     </span>
     <span class='ocr_line' id='line_1_47' title="bbox 203 1444 948 1483; baseline -0.003 -9"><span class='ocrx_word' id='word_1_364' title='bbox 203 1446 282 1481; x_wconf 88' lang='lat' dir='ltr'><strong>be1·e;</strong></span> <span class='ocrx_word' id='word_1_365' title='bbox 296 1445 343 1473; x_wconf 82' lang='lat' dir='ltr'><strong>sed</strong></span> <span class='ocrx_word' id='word_1_366' title='bbox 357 1445 408 1473; x_wconf 87' lang='lat' dir='ltr'><strong>nisi</strong></span> <span class='ocrx_word' id='word_1_367' title='bbox 422 1444 474 1472; x_wconf 85' lang='lat' dir='ltr'><strong>alia</strong></span> <span class='ocrx_word' id='word_1_368' title='bbox 488 1444 598 1483; x_wconf 82' lang='lat' dir='ltr'><strong>insuper</strong></span> <span class='ocrx_word' id='word_1_369' title='bbox 611 1444 777 1481; x_wconf 83' lang='lat' dir='ltr'>accesserint,</span> <span class='ocrx_word' id='word_1_370' title='bbox 794 1445 869 1473; x_wconf 84' lang='lat' dir='ltr'><strong>nulla</strong></span> <span class='ocrx_word' id='word_1_371' title='bbox 884 1445 948 1473; x_wconf 86' lang='lat' dir='ltr'><strong>hinc</strong></span> 
     </span>
     <span class='ocr_line' id='line_1_48' title="bbox 202 1489 946 1529; baseline 0.001 -11"><span class='ocrx_word' id='word_1_372' title='bbox 202 1491 304 1519; x_wconf 81' lang='lat' dir='ltr'><strong>utilitas</strong></span> <span class='ocrx_word' id='word_1_373' title='bbox 329 1497 512 1528; x_wconf 78' lang='lat' dir='ltr'><strong>consequetur.</strong></span> <span class='ocrx_word' id='word_1_374' title='bbox 542 1489 667 1518; x_wconf 82' lang='lat' dir='ltr'><strong>Ostendit</strong></span> <span class='ocrx_word' id='word_1_375' title='bbox 693 1490 766 1518; x_wconf 90' lang='lat' dir='ltr'><strong>Deus</strong></span> <span class='ocrx_word' id='word_1_376' title='bbox 788 1500 842 1528; x_wconf 90' lang='lat' dir='ltr'><strong>quo</strong></span> <span class='ocrx_word' id='word_1_377' title='bbox 869 1498 946 1529; x_wconf 87' lang='lat' dir='ltr'><strong>pacto</strong></span> 
     </span>
     <span class='ocr_line' id='line_1_49' title="bbox 200 1534 947 1574; baseline 0.001 -11"><span class='ocrx_word' id='word_1_378' title='bbox 200 1542 308 1574; x_wconf 87' lang='lat' dir='ltr'><strong>peccata</strong></span> <span class='ocrx_word' id='word_1_379' title='bbox 323 1535 457 1563; x_wconf 81' lang='lat' dir='ltr'><strong>remittat:</strong></span> <span class='ocrx_word' id='word_1_380' title='bbox 474 1534 541 1572; x_wconf 85' lang='lat' dir='ltr'><strong>quid</strong></span> <span class='ocrx_word' id='word_1_381' title='bbox 555 1534 639 1573; x_wconf 83' lang='lat' dir='ltr'><strong>igitur</strong></span> <span class='ocrx_word' id='word_1_382' title='bbox 652 1534 744 1563; x_wconf 82' lang='lat' dir='ltr'><strong>relicta</strong></span> <span class='ocrx_word' id='word_1_383' title='bbox 757 1534 809 1563; x_wconf 86' lang='lat' dir='ltr'><strong>hac</strong></span> <span class='ocrx_word' id='word_1_384' title='bbox 825 1535 869 1564; x_wconf 84' lang='lat' dir='ltr'><strong>via</strong></span> <span class='ocrx_word' id='word_1_385' title='bbox 885 1536 947 1564; x_wconf 82' lang='lat' dir='ltr'><strong>alte-</strong></span> 
     </span>
     <span class='ocr_line' id='line_1_50' title="bbox 202 1580 946 1618; baseline 0.001 -10"><span class='ocrx_word' id='word_1_386' title='bbox 202 1591 260 1608; x_wconf 85' lang='lat' dir='ltr'><strong>ram</strong></span> <span class='ocrx_word' id='word_1_387' title='bbox 276 1581 352 1608; x_wconf 80' lang='lat' dir='ltr'><strong>vobis</strong></span> <span class='ocrx_word' id='word_1_388' title='bbox 366 1580 505 1608; x_wconf 77' lang='lat' dir='ltr'><strong>sternitis?</strong></span> <span class='ocrx_word' id='word_1_389' title='bbox 521 1581 669 1608; x_wconf 78' lang='lat' dir='ltr'><strong>peccarunt</strong></span> <span class='ocrx_word' id='word_1_390' title='bbox 687 1580 821 1618; x_wconf 86' lang='lat' dir='ltr'><strong>quondam</strong></span> <span class='ocrx_word' id='word_1_391' title='bbox 837 1581 946 1610; x_wconf 81' lang='lat' dir='ltr'><strong>Ninivi-</strong></span> 
     </span>
     <span class='ocr_line' id='line_1_51' title="bbox 200 1626 942 1664; baseline 0.001 -10"><span class='ocrx_word' id='word_1_392' title='bbox 200 1633 244 1660; x_wconf 81' lang='lat' dir='ltr'><strong>tae,</strong></span> <span class='ocrx_word' id='word_1_393' title='bbox 262 1636 344 1664; x_wconf 86' lang='lat' dir='ltr'><strong>eaque</strong></span> <span class='ocrx_word' id='word_1_394' title='bbox 359 1626 477 1654; x_wconf 82' lang='lat' dir='ltr'><strong>fecerunt</strong></span> <span class='ocrx_word' id='word_1_395' title='bbox 494 1635 553 1664; x_wconf 79' lang='lat' dir='ltr'><strong>quae</strong></span> <span class='ocrx_word' id='word_1_396' title='bbox 573 1635 621 1654; x_wconf 89' lang='lat' dir='ltr'><strong>vos</strong></span> <span class='ocrx_word' id='word_1_397' title='bbox 636 1636 741 1663; x_wconf 88' lang='lat' dir='ltr'><strong>quoquc</strong></span> <span class='ocrx_word' id='word_1_398' title='bbox 755 1636 826 1654; x_wconf 88' lang='lat' dir='ltr'><strong>nunc</strong></span> <span class='ocrx_word' id='word_1_399' title='bbox 839 1626 942 1663; x_wconf 87' lang='lat' dir='ltr'><strong>facitis;</strong></span> 
     </span>
     <span class='ocr_line' id='line_1_52' title="bbox 200 1670 941 1710; baseline 0.001 -10"><span class='ocrx_word' id='word_1_400' title='bbox 200 1671 247 1700; x_wconf 88' lang='lat' dir='ltr'><strong>sed</strong></span> <span class='ocrx_word' id='word_1_401' title='bbox 261 1671 404 1700; x_wconf 80' lang='lat' dir='ltr'><strong>videamus</strong></span> <span class='ocrx_word' id='word_1_402' title='bbox 418 1670 548 1709; x_wconf 79' lang='lat' dir='ltr'><strong>quidnam</strong></span> <span class='ocrx_word' id='word_1_403' title='bbox 569 1670 634 1710; x_wconf 90' lang='lat' dir='ltr'><strong>ipsis</strong></span> <span class='ocrx_word' id='word_1_404' title='bbox 651 1671 795 1700; x_wconf 78' lang='lat' dir='ltr'><strong>utilitatem</strong></span> <span class='ocrx_word' id='word_1_405' title='bbox 809 1672 941 1701; x_wconf 81' lang='lat' dir='ltr'><strong>attulerit.</strong></span> 
     </span>
     <span class='ocr_line' id='line_1_53' title="bbox 200 1716 942 1756; baseline 0.001 -12"><span class='ocrx_word' id='word_1_406' title='bbox 200 1716 436 1751; x_wconf 78' lang='lat' dir='ltr'><strong>Quemadmodum</strong></span> <span class='ocrx_word' id='word_1_407' title='bbox 457 1716 529 1744; x_wconf 89' lang='lat' dir='ltr'><strong>enim</strong></span> <span class='ocrx_word' id='word_1_408' title='bbox 542 1716 641 1744; x_wconf 86' lang='lat' dir='ltr'><strong>medici</strong></span> <span class='ocrx_word' id='word_1_409' title='bbox 657 1716 763 1755; x_wconf 83' lang='lat' dir='ltr'><strong>aegrotis</strong></span> <span class='ocrx_word' id='word_1_410' title='bbox 777 1717 860 1745; x_wconf 86' lang='lat' dir='ltr'><strong>multa</strong></span> <span class='ocrx_word' id='word_1_411' title='bbox 879 1718 942 1756; x_wconf 88' lang='lat' dir='ltr'><strong>qui-</strong></span> 
     </span>
     <span class='ocr_line' id='line_1_54' title="bbox 200 1760 943 1800; baseline 0.001 -10"><span class='ocrx_word' id='word_1_412' title='bbox 200 1762 262 1790; x_wconf 82' lang='lat' dir='ltr'><strong>dem</strong></span> <span class='ocrx_word' id='word_1_413' title='bbox 274 1761 391 1790; x_wconf 81' lang='lat' dir='ltr'><strong>remedia</strong></span> <span class='ocrx_word' id='word_1_414' title='bbox 403 1761 534 1789; x_wconf 86' lang='lat' dir='ltr'><strong>adhibent</strong></span> <span class='ocrx_word' id='word_1_415' title='bbox 541 1772 549 1797; x_wconf 81' lang='lat'>3</span> <span class='ocrx_word' id='word_1_416' title='bbox 560 1760 606 1789; x_wconf 88' lang='lat' dir='ltr'><strong>sed</strong></span> <span class='ocrx_word' id='word_1_417' title='bbox 619 1761 666 1799; x_wconf 91' lang='lat' dir='ltr'><strong>qui</strong></span> <span class='ocrx_word' id='word_1_418' title='bbox 679 1761 766 1799; x_wconf 80' lang='lat' dir='ltr'><strong>sagaci</strong></span> <span class='ocrx_word' id='word_1_419' title='bbox 778 1761 885 1800; x_wconf 86' lang='lat' dir='ltr'><strong>ingenio</strong></span> <span class='ocrx_word' id='word_1_420' title='bbox 896 1770 943 1796; x_wconf 90' lang='lat' dir='ltr'><strong>est,</strong></span> 
     </span>
     <span class='ocr_line' id='line_1_55' title="bbox 200 1807 943 1847; baseline 0 -10"><span class='ocrx_word' id='word_1_421' title='bbox 200 1819 253 1837; x_wconf 88' lang='lat' dir='ltr'><strong>non</strong></span> <span class='ocrx_word' id='word_1_422' title='bbox 266 1809 318 1837; x_wconf 91' lang='lat' dir='ltr'><strong>hoc</strong></span> <span class='ocrx_word' id='word_1_423' title='bbox 332 1808 487 1847; x_wconf 81' lang='lat' dir='ltr'><strong>perpendit,</strong></span> <span class='ocrx_word' id='word_1_424' title='bbox 509 1807 583 1845; x_wconf 88' lang='lat' dir='ltr'><strong>quod</strong></span> <span class='ocrx_word' id='word_1_425' title='bbox 594 1808 645 1836; x_wconf 91' lang='lat' dir='ltr'><strong>hoc</strong></span> <span class='ocrx_word' id='word_1_426' title='bbox 660 1815 739 1845; x_wconf 87' lang='lat' dir='ltr'><strong>atque</strong></span> <span class='ocrx_word' id='word_1_427' title='bbox 757 1808 805 1837; x_wconf 87' lang='lat' dir='ltr'><strong>illo</strong></span> <span class='ocrx_word' id='word_1_428' title='bbox 820 1809 943 1838; x_wconf 83' lang='lat' dir='ltr'><strong>medica-</strong></span> 
     </span>
     <span class='ocr_line' id='line_1_56' title="bbox 199 1852 940 1890; baseline 0 -8"><span class='ocrx_word' id='word_1_429' title='bbox 199 1861 290 1882; x_wconf 90' lang='lat' dir='ltr'><strong>mento</strong></span> <span class='ocrx_word' id='word_1_430' title='bbox 305 1864 370 1881; x_wconf 86' lang='lat' dir='ltr'><strong>usus</strong></span> <span class='ocrx_word' id='word_1_431' title='bbox 381 1853 416 1880; x_wconf 91' lang='lat' dir='ltr'><strong>sit</strong></span> <span class='ocrx_word' id='word_1_432' title='bbox 432 1853 454 1880; x_wconf 92' lang='lat' dir='ltr'><strong>is</strong></span> <span class='ocrx_word' id='word_1_433' title='bbox 465 1852 513 1890; x_wconf 89' lang='lat' dir='ltr'><strong>qui</strong></span> <span class='ocrx_word' id='word_1_434' title='bbox 529 1852 642 1881; x_wconf 80' lang='lat' dir='ltr'><strong>adversa</strong></span> <span class='ocrx_word' id='word_1_435' title='bbox 655 1853 810 1882; x_wconf 78' lang='lat' dir='ltr'><strong>valetudine</strong></span> <span class='ocrx_word' id='word_1_436' title='bbox 825 1854 940 1887; x_wconf 85' lang='lat' dir='ltr'><strong>laborat,</strong></span> 
     </span>
     <span class='ocr_line' id='line_1_57' title="bbox 200 1897 942 1936; baseline 0.001 -10"><span class='ocrx_word' id='word_1_437' title='bbox 200 1898 247 1926; x_wconf 90' lang='lat' dir='ltr'><strong>sed</strong></span> <span class='ocrx_word' id='word_1_438' title='bbox 266 1908 347 1936; x_wconf 87' lang='lat' dir='ltr'><strong>quam</strong></span> <span class='ocrx_word' id='word_1_439' title='bbox 361 1897 504 1926; x_wconf 79' lang='lat' dir='ltr'><strong>utilitatem</strong></span> <span class='ocrx_word' id='word_1_440' title='bbox 517 1897 581 1925; x_wconf 89' lang='lat' dir='ltr'><strong>hinc</strong></span> <span class='ocrx_word' id='word_1_441' title='bbox 590 1897 624 1925; x_wconf 84' lang='lat' dir='ltr'><strong>sit</strong></span> <span class='ocrx_word' id='word_1_442' title='bbox 635 1905 814 1935; x_wconf 87' lang='lat' dir='ltr'><strong>consequutus</strong></span> <span class='ocrx_word' id='word_1_443' title='bbox 825 1910 832 1926; x_wconf 72' lang='grc' dir='ltr'>ε</span> <span class='ocrx_word' id='word_1_444' title='bbox 849 1899 942 1927; x_wconf 88' lang='lat' dir='ltr'><strong>eodem</strong></span> 
     </span>
     <span class='ocr_line' id='line_1_58' title="bbox 200 1943 942 1985; baseline 0 -11"><span class='ocrx_word' id='word_1_445' title='bbox 200 1944 281 1974; x_wconf 88' lang='lat' dir='ltr'><strong>modo</strong></span> <span class='ocrx_word' id='word_1_446' title='bbox 292 1944 338 1972; x_wconf 87' lang='lat' dir='ltr'><strong>hic</strong></span> <span class='ocrx_word' id='word_1_447' title='bbox 348 1944 429 1972; x_wconf 89' lang='lat' dir='ltr'><strong>etiam</strong></span> <span class='ocrx_word' id='word_1_448' title='bbox 441 1954 482 1972; x_wconf 88' lang='lat' dir='ltr'><strong>res</strong></span> <span class='ocrx_word' id='word_1_449' title='bbox 496 1943 672 1981; x_wconf 77' lang='lat' dir='ltr'><strong>expendenda</strong></span> <span class='ocrx_word' id='word_1_450' title='bbox 683 1951 730 1972; x_wconf 84' lang='lat' dir='ltr'><strong>est.</strong></span> <span class='ocrx_word' id='word_1_451' title='bbox 742 1944 878 1979; x_wconf 88' lang='lat' dir='ltr'><strong>Quidnam</strong></span> <span class='ocrx_word' id='word_1_452' title='bbox 892 1946 942 1985; x_wconf 83' lang='lat' dir='ltr'><strong>igi-</strong></span> 
     </span>
     <span class='ocr_line' id='line_1_59' title="bbox 199 1989 944 2020; baseline 0.001 -1"><span class='ocrx_word' id='word_1_453' title='bbox 199 1998 244 2019; x_wconf 82' lang='lat' dir='ltr'><strong>tur</strong></span> <span class='ocrx_word' id='word_1_454' title='bbox 262 1990 386 2019; x_wconf 81' lang='lat' dir='ltr'><strong>barbaris</strong></span> <span class='ocrx_word' id='word_1_455' title='bbox 405 1989 459 2018; x_wconf 89' lang='lat' dir='ltr'><strong>illis</strong></span> <span class='ocrx_word' id='word_1_456' title='bbox 481 1989 593 2017; x_wconf 83' lang='lat' dir='ltr'><strong>utilitati</strong></span> <span class='ocrx_word' id='word_1_457' title='bbox 614 1989 684 2017; x_wconf 75' lang='lat' dir='ltr'><strong>fuit?</strong></span> <span class='ocrx_word' id='word_1_458' title='bbox 704 1990 874 2019; x_wconf 73' lang='lat' dir='ltr'><strong>Vulneribus</strong></span> <span class='ocrx_word' id='word_1_459' title='bbox 887 1992 944 2020; x_wconf 85' lang='lat' dir='ltr'><strong>suis</strong></span> 
     </span>
     <span class='ocr_line' id='line_1_60' title="bbox 195 2035 941 2077; baseline 0 -11"><span class='ocrx_word' id='word_1_460' title='bbox 195 2037 329 2077; x_wconf 87' lang='lat' dir='ltr'><strong>jejunium</strong></span> <span class='ocrx_word' id='word_1_461' title='bbox 341 2036 534 2073; x_wconf 80' lang='lat' dir='ltr'><strong>adhibuerunt,</strong></span> <span class='ocrx_word' id='word_1_462' title='bbox 547 2035 624 2063; x_wconf 84' lang='lat' dir='ltr'><strong>humi</strong></span> <span class='ocrx_word' id='word_1_463' title='bbox 635 2036 815 2073; x_wconf 80' lang='lat' dir='ltr'><strong>cubationem,</strong></span> <span class='ocrx_word' id='word_1_464' title='bbox 825 2048 941 2073; x_wconf 83' lang='lat' dir='ltr'><strong>saccum,</strong></span> 
     </span>
     <span class='ocr_line' id='line_1_61' title="bbox 198 2080 939 2119; baseline 0.001 -8"><span class='ocrx_word' id='word_1_465' title='bbox 198 2083 325 2119; x_wconf 88' lang='lat' dir='ltr'><strong>cinerem,</strong></span> <span class='ocrx_word' id='word_1_466' title='bbox 342 2082 451 2110; x_wconf 85' lang='lat' dir='ltr'><strong>fletum:</strong></span> <span class='ocrx_word' id='word_1_467' title='bbox 468 2080 651 2119; x_wconf 75' lang='lat' dir='ltr'><strong>adjunxerunt</strong></span> <span class='ocrx_word' id='word_1_468' title='bbox 670 2081 749 2109; x_wconf 79' lang='lat' dir='ltr'><strong>etiam</strong></span> <span class='ocrx_word' id='word_1_469' title='bbox 769 2082 832 2110; x_wconf 77' lang='lat' dir='ltr'><strong>vitae</strong></span> <span class='ocrx_word' id='word_1_470' title='bbox 853 2090 939 2112; x_wconf 82' lang='lat' dir='ltr'><strong>muta-</strong></span> 
     </span>
    </p>
   </div>
   <div class='ocr_carea' id='block_1_19' title="bbox 196 2128 936 2209">
    <p class='ocr_par' dir='ltr' id='par_1_20' title="bbox 196 2128 936 2209">
     <span class='ocr_line' id='line_1_62' title="bbox 196 2128 305 2156; baseline -0.009 0"><span class='ocrx_word' id='word_1_471' title='bbox 196 2128 305 2156; x_wconf 81' lang='lat' dir='ltr'><strong>tionem.</strong></span> 
     </span>
     <span class='ocr_line' id='line_1_63' title="bbox 237 2170 936 2209; baseline 0.001 -7"><span class='ocrx_word' id='word_1_472' title='bbox 237 2175 265 2202; x_wconf 78' lang='lat'><strong>0.</strong></span> <span class='ocrx_word' id='word_1_473' title='bbox 278 2172 427 2202; x_wconf 83' lang='lat' dir='ltr'><strong>Videamus</strong></span> <span class='ocrx_word' id='word_1_474' title='bbox 446 2171 530 2209; x_wconf 79' lang='lat' dir='ltr'><strong>igitur</strong></span> <span class='ocrx_word' id='word_1_475' title='bbox 544 2170 674 2208; x_wconf 85' lang='lat' dir='ltr'><strong>quidnam</strong></span> <span class='ocrx_word' id='word_1_476' title='bbox 685 2171 784 2200; x_wconf 88' lang='lat' dir='ltr'><strong>horum</strong></span> <span class='ocrx_word' id='word_1_477' title='bbox 798 2173 936 2203; x_wconf 80' lang='lat' dir='ltr'><strong>sanitatem</strong></span> 
     </span>
    </p>
   </div>
   <div class='ocr_carea' id='block_1_20' title="bbox 999 1120 1776 1341">
    <p class='ocr_par' dir='ltr' id='par_1_21' title="bbox 999 1120 1776 1341">
     <span class='ocr_line' id='line_1_64' title="bbox 1002 1120 1776 1160; baseline -0.001 -10"><span class='ocrx_word' id='word_1_478' title='bbox 1002 1120 1069 1150; x_wconf 82' lang='grc' dir='ltr'>ἀλλὰ</span> <span class='ocrx_word' id='word_1_479' title='bbox 1081 1121 1107 1149; x_wconf 84' lang='grc' dir='ltr'><strong>τί</strong></span> <span class='ocrx_word' id='word_1_480' title='bbox 1126 1121 1202 1150; x_wconf 78' lang='grc' dir='ltr'>αὐτὸν</span> <span class='ocrx_word' id='word_1_481' title='bbox 1219 1121 1368 1160; x_wconf 67' lang='grc' dir='ltr'>ὠφέλησεν·</span> <span class='ocrx_word' id='word_1_482' title='bbox 1383 1120 1451 1149; x_wconf 74' lang='grc' dir='ltr'>οὕτω</span> <span class='ocrx_word' id='word_1_483' title='bbox 1473 1120 1519 1149; x_wconf 76' lang='grc' dir='ltr'>καὶ</span> <span class='ocrx_word' id='word_1_484' title='bbox 1542 1122 1652 1149; x_wconf 72' lang='grc' dir='ltr'>ἐνταῦθα</span> <span class='ocrx_word' id='word_1_485' title='bbox 1667 1125 1776 1149; x_wconf 82' lang='grc' dir='ltr'>σκοπεῖν</span> 
     </span>
     <span class='ocr_line' id='line_1_65' title="bbox 1000 1163 1773 1205; baseline 0 -11"><span class='ocrx_word' id='word_1_486' title='bbox 1000 1167 1047 1195; x_wconf 77' lang='grc' dir='ltr'>δεῖ,</span> <span class='ocrx_word' id='word_1_487' title='bbox 1064 1166 1100 1195; x_wconf 83' lang='grc' dir='ltr'><strong>Τί</strong></span> <span class='ocrx_word' id='word_1_488' title='bbox 1116 1163 1159 1195; x_wconf 65' lang='grc' dir='ltr'><strong>οὖν</strong></span> <span class='ocrx_word' id='word_1_489' title='bbox 1171 1166 1292 1205; x_wconf 66' lang='grc' dir='ltr'>ὠφέλησε</span> <span class='ocrx_word' id='word_1_490' title='bbox 1306 1166 1366 1198; x_wconf 76' lang='grc' dir='ltr'>τοὺς</span> <span class='ocrx_word' id='word_1_491' title='bbox 1382 1166 1531 1205; x_wconf 65' lang='grc' dir='ltr'>βαρὸάρους</span> <span class='ocrx_word' id='word_1_492' title='bbox 1548 1165 1672 1201; x_wconf 70' lang='grc' dir='ltr'>ἐκείνουςς</span> <span class='ocrx_word' id='word_1_493' title='bbox 1687 1165 1773 1194; x_wconf 77' lang='grc' dir='ltr'>Ἐπέ-</span> 
     </span>
     <span class='ocr_line' id='line_1_66' title="bbox 999 1210 1772 1249; baseline -0.001 -9"><span class='ocrx_word' id='word_1_494' title='bbox 999 1214 1082 1246; x_wconf 77' lang='grc' dir='ltr'>οηκαν</span> <span class='ocrx_word' id='word_1_495' title='bbox 1098 1212 1219 1246; x_wconf 83' lang='grc' dir='ltr'>νηστείαν</span> <span class='ocrx_word' id='word_1_496' title='bbox 1232 1216 1284 1243; x_wconf 78' lang='grc' dir='ltr'>τοῖς</span> <span class='ocrx_word' id='word_1_497' title='bbox 1295 1211 1429 1249; x_wconf 80' lang='grc' dir='ltr'>τραύμασι</span> <span class='ocrx_word' id='word_1_498' title='bbox 1440 1234 1447 1246; x_wconf 91' lang='grc'>,</span> <span class='ocrx_word' id='word_1_499' title='bbox 1462 1211 1508 1239; x_wconf 81' lang='grc' dir='ltr'><strong>καὶ</strong></span> <span class='ocrx_word' id='word_1_500' title='bbox 1520 1210 1634 1249; x_wconf 62' lang='grc' dir='ltr'>σφοδρὰν</span> <span class='ocrx_word' id='word_1_501' title='bbox 1649 1211 1772 1246; x_wconf 85' lang='grc' dir='ltr'>νηστείαν</span> 
     </span>
     <span class='ocr_line' id='line_1_67' title="bbox 1000 1255 1772 1295; baseline -0.001 -11"><span class='ocrx_word' id='word_1_502' title='bbox 1000 1256 1141 1291; x_wconf 82' lang='grc' dir='ltr'>ἐπέθηκαν,</span> <span class='ocrx_word' id='word_1_503' title='bbox 1156 1257 1199 1284; x_wconf 76' lang='grc' dir='ltr'>καὶ</span> <span class='ocrx_word' id='word_1_504' title='bbox 1214 1256 1357 1295; x_wconf 71' lang='grc' dir='ltr'>χαμευνίαν</span> <span class='ocrx_word' id='word_1_505' title='bbox 1379 1256 1424 1284; x_wconf 77' lang='grc' dir='ltr'><strong>καὶ</strong></span> <span class='ocrx_word' id='word_1_506' title='bbox 1449 1255 1548 1284; x_wconf 86' lang='grc' dir='ltr'>σάκκου</span> <span class='ocrx_word' id='word_1_507' title='bbox 1568 1255 1712 1295; x_wconf 70' lang='grc' dir='ltr'>περιὸολὴν</span> <span class='ocrx_word' id='word_1_508' title='bbox 1726 1256 1772 1284; x_wconf 78' lang='grc' dir='ltr'><strong>καὶ</strong></span> 
     </span>
     <span class='ocr_line' id='line_1_68' title="bbox 1000 1300 1771 1341; baseline 0 -11"><span class='ocrx_word' id='word_1_509' title='bbox 1000 1302 1096 1341; x_wconf 67' lang='grc' dir='ltr'>τέφραν</span> <span class='ocrx_word' id='word_1_510' title='bbox 1109 1302 1153 1330; x_wconf 80' lang='grc' dir='ltr'>καὶ</span> <span class='ocrx_word' id='word_1_511' title='bbox 1168 1302 1295 1340; x_wconf 75' lang='grc' dir='ltr'>ὀδυρμούς</span> <span class='ocrx_word' id='word_1_512' title='bbox 1307 1313 1312 1318; x_wconf 92' lang='grc'><em>·</em></span> <span class='ocrx_word' id='word_1_513' title='bbox 1328 1301 1459 1336; x_wconf 75' lang='grc' dir='ltr'>ἐπέθηκαν</span> <span class='ocrx_word' id='word_1_514' title='bbox 1472 1301 1517 1330; x_wconf 73' lang='grc' dir='ltr'>καὶ</span> <span class='ocrx_word' id='word_1_515' title='bbox 1539 1301 1688 1339; x_wconf 72' lang='grc' dir='ltr'>μεταὸολὴν</span> <span class='ocrx_word' id='word_1_516' title='bbox 1705 1300 1771 1339; x_wconf 85' lang='grc' dir='ltr'>βίου.</span> 
     </span>
    </p>
   </div>
   <div class='ocr_carea' id='block_1_21' title="bbox 1033 2172 1767 2214">
    <p class='ocr_par' dir='ltr' id='par_1_22' title="bbox 1033 2172 1767 2214">
     <span class='ocr_line' id='line_1_69' title="bbox 1033 2172 1767 2214; baseline 0.001 -10"><span class='ocrx_word' id='word_1_517' title='bbox 1033 2175 1145 2214; x_wconf 82' lang='grc' dir='ltr'>Ἴδωμεν</span> <span class='ocrx_word' id='word_1_518' title='bbox 1159 2172 1201 2204; x_wconf 63' lang='grc' dir='ltr'><strong>οὖν</strong></span> <span class='ocrx_word' id='word_1_519' title='bbox 1217 2175 1243 2204; x_wconf 92' lang='grc' dir='ltr'><strong>τί</strong></span> <span class='ocrx_word' id='word_1_520' title='bbox 1254 2176 1351 2205; x_wconf 79' lang='grc' dir='ltr'>τούτων</span> <span class='ocrx_word' id='word_1_521' title='bbox 1367 2176 1488 2212; x_wconf 81' lang='grc' dir='ltr'>ἐποίησεν</span> <span class='ocrx_word' id='word_1_522' title='bbox 1500 2175 1592 2209; x_wconf 71' lang='grc' dir='ltr'>αὐτοὺς</span> <span class='ocrx_word' id='word_1_523' title='bbox 1608 2178 1697 2214; x_wconf 80' lang='grc' dir='ltr'>ὑγιεῖς.</span> <span class='ocrx_word' id='word_1_524' title='bbox 1712 2176 1767 2205; x_wconf 79' lang='grc' dir='ltr'><strong>Καὶ</strong></span> 
     </span>
    </p>
   </div>
   <div class='ocr_carea' id='block_1_22' title="bbox 151 2491 935 2530">
    <p class='ocr_par' dir='ltr' id='par_1_23' title="bbox 151 2491 935 2530">
     <span class='ocr_line' id='line_1_70' title="bbox 151 2491 935 2530; baseline 0.005 -9"><span class='ocrx_word' id='word_1_525' title='bbox 151 2508 184 2522; x_wconf 74' lang='lat' dir='ltr'><strong>m.</strong></span> <span class='ocrx_word' id='word_1_526' title='bbox 198 2494 269 2521; x_wconf 82' lang='lat' dir='ltr'><strong>istud</strong></span> <span class='ocrx_word' id='word_1_527' title='bbox 287 2493 345 2521; x_wconf 72' lang='lat' dir='ltr'><strong>est?</strong></span> <span class='ocrx_word' id='word_1_528' title='bbox 360 2493 448 2526; x_wconf 77' lang='lat' dir='ltr'><strong>Vidit,</strong></span> <span class='ocrx_word' id='word_1_529' title='bbox 466 2491 563 2529; x_wconf 83' lang='lat' dir='ltr'><strong>inquit,</strong></span> <span class='ocrx_word' id='word_1_530' title='bbox 577 2492 659 2519; x_wconf 81' lang='lat' dir='ltr'><strong>Deus</strong></span> <span class='ocrx_word' id='word_1_531' title='bbox 680 2493 758 2530; x_wconf 83' lang='lat' dir='ltr'><strong>quod</strong></span> <span class='ocrx_word' id='word_1_532' title='bbox 780 2503 935 2525; x_wconf 76' lang='lat' dir='ltr'><strong>conversus</strong></span> 
     </span>
    </p>
   </div>
   <div class='ocr_carea' id='block_1_23' title="bbox 194 2216 1766 2574">
    <p class='ocr_par' dir='ltr' id='par_1_24' title="bbox 194 2216 1766 2574">
     <span class='ocr_line' id='line_1_71' title="bbox 196 2216 1766 2262; baseline 0.001 -14"><span class='ocrx_word' id='word_1_533' title='bbox 196 2220 262 2258; x_wconf 88' lang='lat' dir='ltr'><strong>ipsis</strong></span> <span class='ocrx_word' id='word_1_534' title='bbox 271 2218 400 2247; x_wconf 79' lang='lat' dir='ltr'><strong>attulerit.</strong></span> <span class='ocrx_word' id='word_1_535' title='bbox 410 2217 489 2246; x_wconf 86' lang='lat' dir='ltr'><strong>Unde</strong></span> <span class='ocrx_word' id='word_1_536' title='bbox 502 2224 592 2245; x_wconf 86' lang='lat' dir='ltr'><strong>autem</strong></span> <span class='ocrx_word' id='word_1_537' title='bbox 605 2216 656 2245; x_wconf 91' lang='lat' dir='ltr'><strong>hoc</strong></span> <span class='ocrx_word' id='word_1_538' title='bbox 670 2217 796 2253; x_wconf 82' lang='lat' dir='ltr'><strong>sciemus,</strong></span> <span class='ocrx_word' id='word_1_539' title='bbox 812 2219 936 2257; x_wconf 76' lang='lat' dir='ltr'><strong>inquies.n</strong></span> <span class='ocrx_word' id='word_1_540' title='bbox 955 2228 972 2250; x_wconf 90' lang='lat' dir='ltr'>B</span> <span class='ocrx_word' id='word_1_541' title='bbox 990 2221 1069 2249; x_wconf 77' lang='grc' dir='ltr'>πόθεν</span> <span class='ocrx_word' id='word_1_542' title='bbox 1082 2221 1218 2259; x_wconf 81' lang='grc' dir='ltr'>εἰσόμεθα,</span> <span class='ocrx_word' id='word_1_543' title='bbox 1232 2221 1324 2260; x_wconf 80' lang='grc' dir='ltr'>φησίν;</span> <span class='ocrx_word' id='word_1_544' title='bbox 1338 2221 1384 2250; x_wconf 83' lang='grc' dir='ltr'><strong>Ἂν</strong></span> <span class='ocrx_word' id='word_1_545' title='bbox 1399 2222 1464 2262; x_wconf 70' lang='grc' dir='ltr'>πρὸ,</span> <span class='ocrx_word' id='word_1_546' title='bbox 1477 2221 1521 2250; x_wconf 88' lang='grc' dir='ltr'><strong>τὸν</strong></span> <span class='ocrx_word' id='word_1_547' title='bbox 1533 2222 1620 2260; x_wconf 80' lang='grc' dir='ltr'>ἰατρὸν</span> <span class='ocrx_word' id='word_1_548' title='bbox 1638 2221 1766 2260; x_wconf 79' lang='grc' dir='ltr'>ἔλθωμεν,</span> 
     </span>
     <span class='ocr_line' id='line_1_72' title="bbox 195 2262 1765 2306; baseline 0.001 -13"><span class='ocrx_word' id='word_1_549' title='bbox 195 2265 224 2294; x_wconf 88' lang='lat' dir='ltr'><strong>Si</strong></span> <span class='ocrx_word' id='word_1_550' title='bbox 237 2264 271 2292; x_wconf 79' lang='lat' dir='ltr'><strong>ad</strong></span> <span class='ocrx_word' id='word_1_551' title='bbox 286 2263 419 2292; x_wconf 87' lang='lat' dir='ltr'><strong>medicum</strong></span> <span class='ocrx_word' id='word_1_552' title='bbox 433 2262 603 2298; x_wconf 77' lang='lat' dir='ltr'><strong>accedamus,</strong></span> <span class='ocrx_word' id='word_1_553' title='bbox 618 2268 698 2299; x_wconf 76' lang='lat' dir='ltr'><strong>atque</strong></span> <span class='ocrx_word' id='word_1_554' title='bbox 720 2262 809 2299; x_wconf 84' lang='lat' dir='ltr'><strong>ipsum</strong></span> <span class='ocrx_word' id='word_1_555' title='bbox 823 2265 935 2295; x_wconf 83' lang='lat' dir='ltr'><strong>interro·</strong></span> <span class='ocrx_word' id='word_1_556' title='bbox 990 2267 1020 2295; x_wconf 84' lang='grc' dir='ltr'><strong>ἂν</strong></span> <span class='ocrx_word' id='word_1_557' title='bbox 1038 2267 1114 2296; x_wconf 77' lang='grc' dir='ltr'>αὐτὸν</span> <span class='ocrx_word' id='word_1_558' title='bbox 1136 2268 1328 2306; x_wconf 77' lang='grc' dir='ltr'>ἐρωτήσωμεν·</span> <span class='ocrx_word' id='word_1_559' title='bbox 1340 2268 1369 2296; x_wconf 79' lang='grc' dir='ltr'>οὐ</span> <span class='ocrx_word' id='word_1_560' title='bbox 1392 2267 1444 2306; x_wconf 81' lang='grc' dir='ltr'><strong>γὰρ</strong></span> <span class='ocrx_word' id='word_1_561' title='bbox 1470 2267 1654 2306; x_wconf 81' lang='grc' dir='ltr'>ἀποκρύψεται</span> <span class='ocrx_word' id='word_1_562' title='bbox 1677 2270 1765 2304; x_wconf 80' lang='grc' dir='ltr'>ἡμᾶς,</span> 
     </span>
     <span class='ocr_line' id='line_1_73' title="bbox 195 2308 1763 2352; baseline 0 -12"><span class='ocrx_word' id='word_1_563' title='bbox 195 2322 287 2349; x_wconf 79' lang='lat' dir='ltr'><strong>gemus</strong></span> <span class='ocrx_word' id='word_1_564' title='bbox 300 2320 401 2348; x_wconf 84' lang='lat' dir='ltr'><strong>:neque</strong></span> <span class='ocrx_word' id='word_1_565' title='bbox 427 2309 497 2337; x_wconf 88' lang='lat' dir='ltr'><strong>enim</strong></span> <span class='ocrx_word' id='word_1_566' title='bbox 519 2308 548 2336; x_wconf 87' lang='lat' dir='ltr'><strong>id</strong></span> <span class='ocrx_word' id='word_1_567' title='bbox 575 2319 622 2337; x_wconf 90' lang='lat' dir='ltr'><strong>nos</strong></span> <span class='ocrx_word' id='word_1_568' title='bbox 645 2309 758 2346; x_wconf 80' lang='lat' dir='ltr'><strong>celabit,</strong></span> <span class='ocrx_word' id='word_1_569' title='bbox 784 2311 831 2339; x_wconf 85' lang='lat' dir='ltr'><strong>sed</strong></span> <span class='ocrx_word' id='word_1_570' title='bbox 855 2313 935 2341; x_wconf 85' lang='lat' dir='ltr'><strong>etiam</strong></span> <span class='ocrx_word' id='word_1_571' title='bbox 991 2313 1059 2341; x_wconf 77' lang='grc' dir='ltr'>ἀλλὰ</span> <span class='ocrx_word' id='word_1_572' title='bbox 1071 2325 1115 2341; x_wconf 85' lang='grc' dir='ltr'><strong>και</strong></span> <span class='ocrx_word' id='word_1_573' title='bbox 1130 2314 1230 2352; x_wconf 76' lang='grc' dir='ltr'>σφόορα</span> <span class='ocrx_word' id='word_1_574' title='bbox 1249 2315 1311 2351; x_wconf 71' lang='grc' dir='ltr'>ἐρεῖ.</span> <span class='ocrx_word' id='word_1_575' title='bbox 1323 2314 1432 2340; x_wconf 84' lang='grc' dir='ltr'>Μᾶλλον</span> <span class='ocrx_word' id='word_1_576' title='bbox 1449 2312 1476 2340; x_wconf 86' lang='grc' dir='ltr'><strong>δε</strong></span> <span class='ocrx_word' id='word_1_577' title='bbox 1497 2312 1540 2340; x_wconf 76' lang='grc' dir='ltr'><strong>ἵνα</strong></span> <span class='ocrx_word' id='word_1_578' title='bbox 1555 2312 1647 2349; x_wconf 76' lang='grc' dir='ltr'>μηδεὶς</span> <span class='ocrx_word' id='word_1_579' title='bbox 1665 2313 1745 2350; x_wconf 79' lang='grc' dir='ltr'>ἀγνοῇ</span> <span class='ocrx_word' id='word_1_580' title='bbox 1756 2335 1763 2347; x_wconf 94' lang='lat'><strong>,</strong></span> 
     </span>
     <span class='ocr_line' id='line_1_74' title="bbox 194 2353 1765 2396; baseline 0.001 -12"><span class='ocrx_word' id='word_1_581' title='bbox 194 2357 308 2385; x_wconf 82' lang='lat' dir='ltr'><strong>libenter</strong></span> <span class='ocrx_word' id='word_1_582' title='bbox 329 2355 408 2384; x_wconf 86' lang='lat' dir='ltr'><strong>dicet.</strong></span> <span class='ocrx_word' id='word_1_583' title='bbox 423 2355 480 2382; x_wconf 91' lang='lat' dir='ltr'><strong>Imo</strong></span> <span class='ocrx_word' id='word_1_584' title='bbox 504 2353 595 2392; x_wconf 87' lang='lat' dir='ltr'><strong>potius</strong></span> <span class='ocrx_word' id='word_1_585' title='bbox 618 2364 650 2382; x_wconf 92' lang='lat' dir='ltr'><strong>ne</strong></span> <span class='ocrx_word' id='word_1_586' title='bbox 670 2355 730 2392; x_wconf 86' lang='lat' dir='ltr'><strong>quis</strong></span> <span class='ocrx_word' id='word_1_587' title='bbox 751 2356 873 2394; x_wconf 79' lang='lat' dir='ltr'><strong>ignoret,</strong></span> <span class='ocrx_word' id='word_1_588' title='bbox 887 2366 935 2386; x_wconf 85' lang='lat' dir='ltr'><strong>aut</strong></span> <span class='ocrx_word' id='word_1_589' title='bbox 991 2358 1058 2396; x_wconf 73' lang='grc' dir='ltr'><strong>μνδὲ</strong></span> <span class='ocrx_word' id='word_1_590' title='bbox 1071 2358 1206 2395; x_wconf 77' lang='grc' dir='ltr'>ἐρέσθαι</span> <span class='ocrx_word' id='word_1_591' title='bbox 1192 2358 1298 2393; x_wconf 80' lang='grc' dir='ltr'>οέηται,</span> <span class='ocrx_word' id='word_1_592' title='bbox 1312 2358 1357 2386; x_wconf 79' lang='grc' dir='ltr'>καὶ</span> <span class='ocrx_word' id='word_1_593' title='bbox 1382 2358 1512 2396; x_wconf 78' lang='grc' dir='ltr'>ἀνέγραψε</span> <span class='ocrx_word' id='word_1_594' title='bbox 1531 2357 1562 2385; x_wconf 83' lang='grc' dir='ltr'><strong>τὸ</strong></span> <span class='ocrx_word' id='word_1_595' title='bbox 1583 2357 1746 2396; x_wconf 83' lang='grc' dir='ltr'>φάρμακον</span> <span class='ocrx_word' id='word_1_596' title='bbox 1734 2357 1765 2386; x_wconf 82' lang='grc' dir='ltr'><strong>τὸ</strong></span> 
     </span>
     <span class='ocr_line' id='line_1_75' title="bbox 195 2398 1763 2441; baseline -0.001 -10"><span class='ocrx_word' id='word_1_597' title='bbox 195 2402 324 2431; x_wconf 79' lang='lat' dir='ltr'><strong>sciscitari</strong></span> <span class='ocrx_word' id='word_1_598' title='bbox 349 2411 453 2429; x_wconf 83' lang='lat' dir='ltr'><strong>necesse</strong></span> <span class='ocrx_word' id='word_1_599' title='bbox 475 2400 587 2435; x_wconf 79' lang='lat' dir='ltr'><strong>habeat,</strong></span> <span class='ocrx_word' id='word_1_600' title='bbox 612 2399 786 2438; x_wconf 83' lang='lat' dir='ltr'><strong>pharmacum</strong></span> <span class='ocrx_word' id='word_1_601' title='bbox 809 2414 934 2441; x_wconf 83' lang='lat' dir='ltr'><strong>quoque,</strong></span> <span class='ocrx_word' id='word_1_602' title='bbox 991 2406 1139 2438; x_wconf 78' lang='grc' dir='ltr'>ἀναστῆσαν</span> <span class='ocrx_word' id='word_1_603' title='bbox 1155 2403 1256 2435; x_wconf 80' lang='grc' dir='ltr'>αὒ-ους.</span> <span class='ocrx_word' id='word_1_604' title='bbox 1271 2403 1307 2431; x_wconf 81' lang='grc' dir='ltr'><strong>’1ί</strong></span> <span class='ocrx_word' id='word_1_605' title='bbox 1325 2399 1367 2431; x_wconf 74' lang='grc' dir='ltr'><strong>οῧν</strong></span> <span class='ocrx_word' id='word_1_606' title='bbox 1386 2402 1463 2430; x_wconf 74' lang='grc' dir='ltr'>τοῦτό</span> <span class='ocrx_word' id='word_1_607' title='bbox 1483 2403 1567 2437; x_wconf 56' lang='grc' dir='ltr'>ἐστ-ιη</span> <span class='ocrx_word' id='word_1_608' title='bbox 1582 2398 1661 2437; x_wconf 65' lang='lat' dir='ltr'><strong>Eine,</strong></span> <span class='ocrx_word' id='word_1_609' title='bbox 1674 2413 1763 2441; x_wconf 72' lang='grc' dir='ltr'>φησιν,</span> 
     </span>
     <span class='ocr_line' id='line_1_76' title="bbox 197 2445 1763 2487; baseline -0.001 -12"><span class='ocrx_word' id='word_1_610' title='bbox 197 2448 269 2486; x_wconf 84' lang='lat' dir='ltr'><strong>quod</strong></span> <span class='ocrx_word' id='word_1_611' title='bbox 283 2458 326 2475; x_wconf 82' lang='lat' dir='ltr'><strong>cos</strong></span> <span class='ocrx_word' id='word_1_612' title='bbox 338 2445 529 2481; x_wconf 78' lang='lat' dir='ltr'><strong>e1·exit,literis</strong></span> <span class='ocrx_word' id='word_1_613' title='bbox 542 2445 837 2480; x_wconf 70' lang='lat' dir='ltr'><strong>mandavssQuoduam</strong></span> <span class='ocrx_word' id='word_1_614' title='bbox 852 2449 936 2487; x_wconf 77' lang='lat' dir='ltr'><strong>igitur</strong></span> <span class='ocrx_word' id='word_1_615' title='bbox 989 2449 1109 2482; x_wconf 65' lang='grc' dir='ltr'><strong>ὁ();ὸς”</strong></span> <span class='ocrx_word' id='word_1_616' title='bbox 1094 2461 1134 2477; x_wconf 88' lang='grc' dir='ltr'><strong>οτι</strong></span> <span class='ocrx_word' id='word_1_617' title='bbox 1149 2449 1310 2487; x_wconf 72' lang='grc' dir='ltr'>ἀπέστρεψεν</span> <span class='ocrx_word' id='word_1_618' title='bbox 1329 2448 1437 2479; x_wconf 80' lang='grc' dir='ltr'>ἕκαστος</span> <span class='ocrx_word' id='word_1_619' title='bbox 1460 2447 1512 2475; x_wconf 83' lang='grc' dir='ltr'>ἀπὸ</span> <span class='ocrx_word' id='word_1_620' title='bbox 1532 2458 1578 2481; x_wconf 84' lang='grc' dir='ltr'><strong>της</strong></span> <span class='ocrx_word' id='word_1_621' title='bbox 1602 2447 1661 2475; x_wconf 76' lang='grc' dir='ltr'>ὁδοῦ</span> <span class='ocrx_word' id='word_1_622' title='bbox 1683 2449 1763 2475; x_wconf 78' lang='grc' dir='ltr'>αὑτοῦ</span> 
     </span>
     <span class='ocr_line' id='line_1_77' title="bbox 988 2491 1762 2534; baseline -0.006 -11"><span class='ocrx_word' id='word_1_623' title='bbox 988 2497 1034 2529; x_wconf 67' lang='grc' dir='ltr'><strong>τῆς</strong></span> <span class='ocrx_word' id='word_1_624' title='bbox 1045 2499 1174 2534; x_wconf 84' lang='grc' dir='ltr'>πονηρᾶς,</span> <span class='ocrx_word' id='word_1_625' title='bbox 1187 2506 1233 2522; x_wconf 88' lang='grc' dir='ltr'><strong>και</strong></span> <span class='ocrx_word' id='word_1_626' title='bbox 1247 2493 1399 2531; x_wconf 81' lang='grc' dir='ltr'>μετενόησεν</span> <span class='ocrx_word' id='word_1_627' title='bbox 1414 2492 1458 2520; x_wconf 76' lang='grc' dir='ltr'><strong>ἔπι</strong></span> <span class='ocrx_word' id='word_1_628' title='bbox 1468 2494 1500 2530; x_wconf 79' lang='grc' dir='ltr'><strong>τῇ</strong></span> <span class='ocrx_word' id='word_1_629' title='bbox 1513 2491 1609 2529; x_wconf 78' lang='grc' dir='ltr'>κακίᾳ,</span> <span class='ocrx_word' id='word_1_630' title='bbox 1619 2494 1636 2529; x_wconf 80' lang='grc' dir='ltr'>ᾗ</span> <span class='ocrx_word' id='word_1_631' title='bbox 1649 2491 1762 2526; x_wconf 77' lang='grc' dir='ltr'>ἐλάλησε</span> 
     </span>
     <span class='ocr_line' id='line_1_78' title="bbox 988 2533 1760 2574; baseline -0.004 -7"><span class='ocrx_word' id='word_1_632' title='bbox 988 2551 1098 2574; x_wconf 79' lang='grc' dir='ltr'>ποιησαι</span> <span class='ocrx_word' id='word_1_633' title='bbox 1111 2541 1205 2571; x_wconf 79' lang='grc' dir='ltr'>αὐτοῖς.</span> <span class='ocrx_word' id='word_1_634' title='bbox 1213 2540 1270 2568; x_wconf 80' lang='grc' dir='ltr'><strong>Ουκ</strong></span> <span class='ocrx_word' id='word_1_635' title='bbox 1285 2541 1365 2572; x_wconf 78' lang='grc' dir='ltr'>εἶπεν,</span> <span class='ocrx_word' id='word_1_636' title='bbox 1380 2538 1419 2566; x_wconf 76' lang='grc' dir='ltr'><strong>ὅτι</strong></span> <span class='ocrx_word' id='word_1_637' title='bbox 1434 2533 1486 2566; x_wconf 79' lang='grc' dir='ltr'>εἶδε</span> <span class='ocrx_word' id='word_1_638' title='bbox 1500 2536 1622 2572; x_wconf 82' lang='grc' dir='ltr'>νηστείαν</span> <span class='ocrx_word' id='word_1_639' title='bbox 1634 2547 1679 2564; x_wconf 80' lang='grc' dir='ltr'><strong>και</strong></span> <span class='ocrx_word' id='word_1_640' title='bbox 1694 2537 1760 2564; x_wconf 75' lang='grc' dir='ltr'>σάκ-</span> 
     </span>
    </p>
   </div>
   <div class='ocr_carea' id='block_1_24' title="bbox 196 2537 1758 2619">
    <p class='ocr_par' dir='ltr' id='par_1_25' title="bbox 196 2537 1747 2619">
     <span class='ocr_line' id='line_1_79' title="bbox 196 2537 935 2575; baseline -0.003 -9"><span class='ocrx_word' id='word_1_641' title='bbox 196 2545 238 2566; x_wconf 77' lang='lat' dir='ltr'><strong>esl</strong></span> <span class='ocrx_word' id='word_1_642' title='bbox 252 2539 448 2575; x_wconf 75' lang='lat' dir='ltr'><strong>unusquisque</strong></span> <span class='ocrx_word' id='word_1_643' title='bbox 469 2546 488 2563; x_wconf 81' lang='lat' dir='ltr'><strong>a</strong></span> <span class='ocrx_word' id='word_1_644' title='bbox 502 2537 555 2563; x_wconf 77' lang='lat' dir='ltr'><strong>via</strong></span> <span class='ocrx_word' id='word_1_645' title='bbox 569 2545 624 2562; x_wconf 83' lang='lat' dir='ltr'><strong>sua</strong></span> <span class='ocrx_word' id='word_1_646' title='bbox 636 2543 783 2572; x_wconf 51' lang='lat' dir='ltr'><strong>pruma-ec</strong></span> <span class='ocrx_word' id='word_1_647' title='bbox 799 2541 935 2575; x_wconf 75' lang='lat' dir='ltr'><strong>poenituit</strong></span> 
     </span>
     <span class='ocr_line' id='line_1_80' title="bbox 989 2582 1758 2619; baseline -0.005 -6"><span class='ocrx_word' id='word_1_648' title='bbox 989 2597 1032 2613; x_wconf 79' lang='grc' dir='ltr'><strong>κον</strong></span> <span class='ocrx_word' id='word_1_649' title='bbox 1044 2597 1091 2613; x_wconf 75' lang='grc' dir='ltr'><strong>και</strong></span> <span class='ocrx_word' id='word_1_650' title='bbox 1101 2585 1205 2613; x_wconf 78' lang='grc' dir='ltr'>σποδόν.</span> <span class='ocrx_word' id='word_1_651' title='bbox 1219 2584 1271 2613; x_wconf 68' lang='lat' dir='ltr'><strong>lxm</strong></span> <span class='ocrx_word' id='word_1_652' title='bbox 1281 2586 1363 2612; x_wconf 61' lang='grc' dir='ltr'>ταυτα</span> <span class='ocrx_word' id='word_1_653' title='bbox 1377 2584 1405 2611; x_wconf 70' lang='grc' dir='ltr'>οὗ</span> <span class='ocrx_word' id='word_1_654' title='bbox 1418 2594 1539 2617; x_wconf 71' lang='grc' dir='ltr'>νηστειαν</span> <span class='ocrx_word' id='word_1_655' title='bbox 1553 2584 1614 2611; x_wconf 79' lang='grc' dir='ltr'>ἀναι</span> <span class='ocrx_word' id='word_1_656' title='bbox 1631 2583 1667 2610; x_wconf 84' lang='grc' dir='ltr'><strong>ῶν</strong></span> <span class='ocrx_word' id='word_1_657' title='bbox 1677 2582 1758 2619; x_wconf 77' lang='grc' dir='ltr'>λέγω·</span> 
     </span>
    </p>
   </div>
   <div class='ocr_carea' id='block_1_25' title="bbox 195 2579 932 2619">
    <p class='ocr_par' dir='ltr' id='par_1_26' title="bbox 195 2579 932 2619">
     <span class='ocr_line' id='line_1_81' title="bbox 195 2579 932 2619; baseline 0.004 -10"><span class='ocrx_word' id='word_1_658' title='bbox 195 2592 259 2609; x_wconf 75' lang='lat' dir='ltr'><strong>eum</strong></span> <span class='ocrx_word' id='word_1_659' title='bbox 275 2582 418 2609; x_wconf 65' lang='lat' dir='ltr'><strong>malorum</strong></span> <span class='ocrx_word' id='word_1_660' title='bbox 438 2590 502 2616; x_wconf 73' lang='lat' dir='ltr'><strong>quse</strong></span> <span class='ocrx_word' id='word_1_661' title='bbox 517 2579 653 2616; x_wconf 80' lang='lat' dir='ltr'><strong>loquutus</strong></span> <span class='ocrx_word' id='word_1_662' title='bbox 663 2580 765 2617; x_wconf 79' lang='lat' dir='ltr'><strong>suerat</strong></span> <span class='ocrx_word' id='word_1_663' title='bbox 778 2587 809 2609; x_wconf 79' lang='lat' dir='ltr'><strong>ut</strong></span> <span class='ocrx_word' id='word_1_664' title='bbox 821 2583 932 2619; x_wconf 76' lang='lat' dir='ltr'><strong>faceret</strong></span> 
     </span>
    </p>
   </div>
  </div>
 </body>
</html>
