1860 2876
771 152 808 173 Pu
815 151 953 174 ,E1-·.-t'1·10.
1594 150 1639 172 vll

81 216 236 244 dictionem
252 214 422 243 (ulultcrant
432 215 482 253 qui
495 214 593 241 morbo
608 213 745 240 laborant
756 212 1047 250 ,Mal·cionis?.·ltq110
1058 213 1198 252 sciosore
1209 219 1238 241 ut
1254 214 1342 240 risum
1357 212 1479 240 multum
1491 222 1621 240 moveam
1630 224 1639 244 ;

80 262 144 290 ide-o
161 261 378 294 tamendicam,
397 267 427 288 ut
447 260 565 288 illorum
580 259 710 287 morbum
723 261 816 297 magis
826 259 959 297 fugiatis.
980 259 1060 287 ,Nam
1076 265 1232 298 postquam
1254 260 1277 287 C
1279 259 1486 288 atechmnenus
1498 260 1641 298 quispiam

79 309 159 347 apud
168 308 234 337 illos
248 309 413 345 arcesserit,
426 309 477 335 sub
493 307 566 335 lecto
582 307 690 336 mortui
707 307 849 334 absconso
869 306 970 344 aliquo
991 307 1120 343 vivente,
1143 306 1286 334 accedunt
1301 307 1342 334 ad
1369 312 1514 334 mortuum
1526 311 1551 334 et
1568 305 1641 334 allo-

79 362 218 395 quuntur,
238 361 400 393 rogantque
410 354 522 383 velitne
535 355 664 392 accipere
677 354 863 391 baptismum.
874 353 933 381 Illo
951 353 1028 381 nihil
1044 354 1246 392 respondente,
1261 355 1312 392 qui
1326 359 1368 381 est
1383 355 1542 382 absconsus
1553 354 1642 391 infer-

80 413 116 431 ne
128 412 181 441 pro
193 402 246 430 illo
257 403 326 430 dicit
340 412 371 430 se
387 402 467 430 velle
479 403 624 440 baptizari
633 413 643 434 ;
663 407 690 429 et
705 402 747 429 sio
757 411 822 429 enm
834 402 986 439 baptizant
992 411 1045 439 pro
1057 411 1090 429 eo
1105 402 1155 439 qui
1166 402 1298 437 excessit,
1314 410 1349 428 ac
1363 402 1388 428 si
1413 402 1444 428 in
1455 410 1542 429 scena
1557 400 1642 429 Iude—

79 456 144 478 rent
159 461 168 476 :
181 456 295 478 tantum
307 449 403 477 valuit
427 449 562 477 diabolus
583 450 615 476 in
629 450 803 488 ignavorum
830 450 947 476 animis.
975 448 1091 476 Deinde
1104 458 1170 477 cum
1196 454 1384 482 accusantur,
1413 448 1564 476 adducunt
1589 449 1643 477 hoc

81 498 214 531 verbum,
238 497 366 526 dicentes
383 497 549 536 apostolum.
571 497 690 532 dixisse,
714 497 770 534 Qui
801 497 990 534 baptizantur
1017 506 1070 535 pro
1092 498 1225 524 mortuis.
1247 497 1346 525 Contra
1374 495 1642 533 Pneumatomatffios,

78 545 124 583 qui
140 544 272 584 negabant
284 545 417 584 Spiritum
441 551 562 573 sanctum
586 555 641 573 esse
656 545 754 583 Deum,
771 550 874 584 pugnat
889 544 1104 582 Chrysostomus.
1127 543 1181 573 Sed
1201 554 1231 572 ea
1251 543 1278 572 in
1293 553 1321 572 re
1340 553 1392 572 non
1415 542 1532 572 multum
1544 543 1643 572 immo—
1656 545 1715 571 Pag.
1739 543 1793 571 2⁷¹4-

78 598 164 620 ratur.

119 639 146 667 5.
163 638 393 667 Antiochenorum
404 637 484 666 etiam
496 637 711 667 Christianorum
729 637 872 667 dissolutos
885 648 971 667 mores
995 637 1122 667 orationis
1137 637 1166 666 vi
1190 647 1356 676 compescere
1380 636 1475 665 nititur
1485 635 1646 676 Chrysosto-

80 696 149 715 mus.
161 686 270 715 Etenim
281 686 309 714 in
322 685 517 714 connubiorum
528 685 687 723 celebritate,
702 685 815 721 choreae,
834 686 971 725 cymbala,
998 685 1081 722 tibiae,
1102 685 1186 714 verba
1200 691 1225 714 et
1250 684 1353 713 cantica
1368 684 1492 713 obscoena
1504 684 1646 723 turpiaque
1656 696 1716 722 pag.
1729 694 1780 724 104.

80 733 288 771 adhibebantur,
303 734 440 772 multaque
458 733 563 762 diaboli
579 733 708 763 colluvies
720 741 784 770 erat,
806 733 892 772 inquit
905 733 958 763 ille.
974 733 1045 762 Hinc
1055 740 1194 773 appetente
1204 739 1280 761 nocte
1289 742 1356 761 nova
1367 742 1463 771 sponsa
1481 742 1542 761 cum
1557 731 1644 760 lucer-
1660 728 1711 781 :gg

79 780 122 808 nis
135 780 164 808 in
175 780 263 808 forum
276 780 437 815 ducebatur,
451 779 642 808 comitantibus
659 780 853 808 verberonibus
867 787 891 808 et
901 779 1031 818 fugitivis,
1056 780 1102 818 qui
1115 779 1204 819 turpia
1225 786 1250 808 et
1263 779 1387 808 obscoena
1406 788 1517 816 quaeque
1530 778 1647 817 profere-

79 827 160 864 bant;
175 838 238 856 nam
251 827 347 856 diebus
359 827 417 855 istis
429 829 518 856 omnia
526 827 642 856 licebant
660 839 665 854 :
680 827 858 866 praesentibus
868 827 948 856 etiam
962 827 1191 865 virginibus‚quae
1203 834 1295 866 tuipes
1311 826 1373 855 illas
1386 826 1531 855 cantilenas
1542 825 1650 865 excipe-

79 882 148 903 rent.
158 874 261 903 Deinde
270 886 334 904 vero
344 875 366 902 si
378 875 465 903 infans
475 885 508 902 ex
520 874 567 902 tali
577 874 709 903 connubio
728 881 889 910 nasceretur,
899 875 1080 913 superstitiosa
1095 875 1179 903 multa
1190 874 1282 903 videre
1291 880 1347 902 erat
1361 885 1366 901 ι
1384 873 1501 902 accensis
1515 873 1588 902 enim
1600 873 1647 902 lu—
1658 874 1721 900 Png.
1747 878 1799 902 ¹07-

78 921 175 957 cernis,
187 922 262 959 queis
278 922 386 950 nomina
397 921 483 949 indita
493 928 577 957 erant,
591 927 653 949 nato
663 932 759 950 nomen
774 922 832 960 ejus
841 921 952 958 dabant,
964 933 1024 959 quae
1039 922 1144 950 diutius
1162 923 1251 950 lumen
1266 921 1394 956 dedisset,
1404 920 1468 949 hinc
1478 921 1649 960 conjicientes
1663 903 1713 926 '⁰8'

79 969 201 997 futurum
213 978 269 997 esse
281 975 311 996 ut
325 968 413 996 infans
424 967 529 996 diutius
539 967 652 997 viveret.
667 969 832 1007 Insuperque
845 968 981 1008 περίαπτα
991 978 1038 996 seu
1051 968 1180 1006 ligamina
1196 975 1221 996 et
1231 968 1395 1008 crepitacula
1406 967 1587 1007 superstitiose
1600 979 1648 1008 ap-

78 1014 274 1054 pendebantur,
286 1022 440 1053 stamenque
456 1014 610 1043 coccineum
623 1021 649 1043 et
658 1014 768 1043 similia.
785 1015 909 1043 Nutrices
925 1021 1014 1043 autem
1029 1021 1054 1043 et
1068 1014 1185 1052 ancillae,
1202 1014 1291 1042 lutum
1306 1024 1339 1042 ex
1351 1014 1446 1042 balneo
1460 1021 1592 1042 sumentes
1606 1014 1648 1043 di-

77 1061 186 1101 gitoque
199 1061 340 1100 tingentes,
354 1062 382 1090 in
397 1061 473 1101 pueri
484 1062 572 1090 fronte
586 1061 788 1100 imprimebant,
814 1068 938 1101 putantes
957 1061 1021 1090 hinc
1046 1061 1149 1090 malum
1160 1061 1280 1097 oculum⁷
1293 1061 1406 1090 livorem
1420 1067 1445 1089 et
1454 1060 1585 1089 invidiam
1599 1061 1648 1090 de-

78 1109 152 1149 pelli.
170 1109 257 1138 Multa
269 1120 375 1147 quoque
386 1109 439 1137 alia
454 1108 638 1149 superstitiosa
650 1119 700 1137 usu
712 1109 857 1139 veniebant
872 1109 898 1138 in
911 1115 1004 1148 partus
1012 1108 1164 1147 doloribus,
1174 1108 1293 1138 maxime
1306 1114 1396 1138 autem
1405 1108 1432 1136 in
1441 1107 1590 1145 funeribus,
1600 1108 1647 1136 ubi

78 1155 250 1195 praeficarum
264 1165 359 1194 agmen
375 1155 466 1185 vidore
477 1162 544 1193 erat,
564 1166 638 1184 more
650 1162 770 1184 veterum
785 1156 936 1195 gentilium.

117 1203 200 1231 Multi
211 1203 290 1231 etiam
301 1202 375 1242 apud
389 1202 554 1231 Christianos
569 1202 747 1231 Antiochenos
762 1210 848 1242 erant,
860 1203 907 1241 qui
923 1203 1111 1232 rcsunecfioni
1125 1213 1178 1231 non
1192 1202 1345 1240 credebant,
1358 1202 1405 1241 qui
1426 1202 1543 1241 genesim
1557 1201 1648 1230 obser·
1660 1206 1720 1234 1²³5*>
1736 1204 1774 1227 32-

77 1251 193 1282 vahant:
208 1251 256 1280 alii
266 1251 371 1280 dierum
384 1251 624 1287 observationibus,
638 1251 783 1287 vaticiniis,
801 1252 923 1290 auguriis
940 1252 1121 1291 etsymbolis3
1137 1252 1183 1280 alii
1199 1252 1376 1290 ligaminibus
1386 1258 1411 1280 et
1423 1250 1648 1280 incantationibus

78 1296 163 1326 dediti
174 1303 259 1326 erant.
282 1296 503 1336 Hincquevideas
517 1298 616 1327 oratori
632 1305 723 1327 nostro
735 1308 788 1327 non
804 1298 939 1327 modicam
965 1298 1047 1327 fuisse
1074 1298 1254 1337 declamandi,
1270 1297 1412 1337 arguendi,
1438 1304 1463 1326 et
1486 1297 1648 1336 objurgandi

76 1351 226 1373 materiam.

115 1393 145 1421 6.
171 1392 231 1421 Alia
244 1391 368 1431 quaedam
382 1403 398 1421 a
413 1392 605 1431 Chrysostomo
617 1393 730 1432 sparsim
743 1393 814 1422 dicta
828 1400 853 1422 et
869 1393 1015 1430 enuntiata,
1025 1393 1070 1422 hic
1082 1393 1175 1433 paucis
1187 1392 1321 1422 atterenda
1331 1392 1471 1431 duximus,
1485 1392 1512 1421 in
1529 1392 1646 1422 Homilia
1660 1398 1719 1426 Pag.
1746 1397 1797 1422 168.

77 1438 180 1467 decima
189 1449 258 1468 nona
271 1446 412 1479 postquam
427 1439 460 1468 de
470 1439 627 1479 virginitate
642 1440 763 1479 plurima
777 1440 894 1476 dixerat,
917 1451 944 1469 se
958 1447 1046 1469 tamen
1059 1440 1177 1480 plurima
1191 1440 1391 1480 praetermisisse
1406 1447 1480 1468 ratus
1496 1439 1530 1468 ad
1543 1440 1645 1469 librum
1657 1454 1718 1481 pag,
1730 1454 1783 1476 215„

75 1485 109 1514 de
123 1485 288 1525 Virginitate
299 1485 334 1514 ab
343 1496 370 1515 se
381 1485 484 1515 editum
494 1486 617 1523 remittit,
629 1497 710 1524 quem
723 1486 826 1515 librum
841 1497 888 1515 uos
905 1487 993 1515 Tomo
1005 1487 1026 1523 I,
1041 1497 1104 1526 pag.
1121 1486 1191 1524 968,
1205 1486 1349 1515 edidimus.
1368 1485 1488 1514 Homilia
1499 1492 1589 1514 autem
1599 1485 1644 1514 vi-
1657 1491 1709 1513 2¹7-
1776 1491 1797 1507 τί

76 1533 176 1571 gcsima
190 1540 283 1572 quarta
299 1533 466 1573 praesentiam
480 1534 600 1573 corporis
621 1534 723 1563 Christi
745 1534 773 1563 in
790 1534 961 1563 Eucharistia
975 1541 1030 1563 tam
1044 1541 1135 1574 aperte
1157 1534 1277 1563 declarat
1295 1545 1327 1563 ac
1337 1533 1442 1574 repetit,
1455 1540 1485 1562 ut
1492 1544 1579 1567 nemo,
1592 1533 1643 1562 nisi
1657 1524 1717 1546 ΜΨ

75 1579 249 1618 praejudicata
260 1580 385 1620 opinione
397 1579 544 1609 admodum
559 1580 720 1617 detineatur,
733 1591 829 1620 negare
842 1581 925 1620 possit
939 1591 998 1610 eam
1013 1590 1076 1610 vere
1087 1580 1170 1610 fuisse
1185 1581 1262 1610 istius
1273 1580 1325 1610 fevi
1342 1579 1509 1609 sententiam.
1525 1579 1644 1609 Humilia

73 1637 136 1656 vero
145 1627 350 1666 quadragesima
363 1628 440 1656 tertia
454 1628 492 1656 ait
504 1628 687 1657 Christianum
705 1628 839 1657 neminem
853 1628 888 1657 ad
905 1628 1084 1667 precationem
1099 1628 1182 1657 illotis
1195 1627 1319 1656 manibus
1330 1627 1465 1664 accedere,
1475 1626 1521 1664 qui
1530 1626 1646 1656 exterior

75 1674 162 1703 cultus
170 1675 298 1713 majorem
311 1674 393 1703 animi
409 1675 628 1714 praeparationem
642 1674 822 1704 adhibendam
835 1685 890 1704 esse
902 1674 1053 1703 indicabat.

820 1789 844 1825 ς.
868 1789 917 1817 111.

76 1878 103 1904 1.
129 1877 176 1905 De
191 1877 331 1906 Ilomiliis
349 1879 380 1906 in
392 1878 551 1906 secundam
565 1879 605 1906 ad
615 1879 782 1908 Corinthios
797 1880 973 1918 Epistulam.
991 1881 1020 1908 ΞΣ.
1036 1880 1184 1908 Probatur
1193 1879 1262 1907 illas
1277 1880 1365 1907 etiarn
1377 1879 1546 1908 Antiochiae
1560 1880 1643 1908 habi-

115 1930 160 1952 tas
159 1924 267 1963 sui5se.
283 1925 312 1953 5.
330 1926 476 1960 BIarcion,
502 1926 687 1955 ttlaniclzoeus
701 1927 812 1965 aliique
830 1927 959 1956 haeretici
981 1926 1185 1966 confutantur.
1200 1926 1229 1955 4.
1247 1926 1322 1954 Alia
1341 1927 1475 1965 qtuedam
1488 1928 1641 1956 observatu

113 1971 212 2010 digna.

114 2067 140 2095 1.
163 2064 295 2094 llomilias
314 2065 340 2093 in
359 2065 503 2094 secundam
513 2065 549 2094 ad
561 2066 714 2096 Corinthios
740 2067 889 2106 Epistulam
913 2079 964 2097 non
981 2068 1039 2108 pari
1054 2067 1184 2107 elegantia
1209 2074 1288 2105 atque
1299 2067 1410 2106 priores,
1425 2067 1459 2096 de
1478 2068 1576 2105 quibus
1584 2069 1641 2107 jam

73 2119 163 2141 actum
175 2119 222 2149 est,
230 2112 343 2151 scriptas
351 2112 432 2141 fuisse
443 2113 555 2151 quidam
567 2114 720 2153 opinantur.
734 2114 862 2144 Breviore
878 2115 970 2154 utique
981 2117 1052 2155 stylo
1066 2115 1254 2154 explanantur.
1268 2114 1302 2142 Et
1312 2114 1374 2152 quia
1388 2114 1596 2154 Chrysostomus
1612 2116 1638 2144 in

74 2159 163 2198 priore
177 2158 288 2198 epistola
303 2159 418 2188 Paulum
432 2160 582 2199 apostolum
592 2168 731 2199 sequutus,
739 2162 784 2200 qui
798 2161 964 2191 Christianos
974 2162 1045 2200 illos,
1054 2162 1080 2190 in
1099 2161 1216 2190 Ecclesia
1229 2161 1360 2189 tumultus
1369 2167 1394 2189 ct
1404 2160 1514 2190 dissidia
1528 2171 1638 2191 moven-

74 2213 121 2241 tes,
136 2206 306 2234 vehementer
318 2205 509 2242 insectabatur,
527 2217 588 2235 cum
604 2207 750 2236 acrimonia
771 2209 871 2248 majore
895 2209 1026 2247 loquitur,
1043 2209 1070 2237 in
1083 2208 1198 2238 secunda
1220 2218 1282 2237 vero
1296 2218 1356 2236 cuin
1375 2207 1495 2247 apostolo
1517 2208 1635 2247 pacatius

73 2251 140 2291 agit,
155 2261 202 2280 nec
212 2251 358 2290 tropistam
368 2253 552 2291 frequentibus
563 2254 649 2283 utitur
666 2267 673 2283 ε
688 2265 739 2284 non
755 2266 847 2295 parem
860 2263 929 2285 certe
939 2266 1046 2295 operam
1063 2255 1089 2284 in
1105 2254 1237 2283 ambabus
1256 2253 1414 2282 adhibuisse
1432 2253 1549 2284 videtur.

113 2299 142 2326 2.
153 2298 193 2326 De
206 2297 331 2327 Homiliis
338 2304 427 2326 autem
442 2298 469 2326 in
479 2300 621 2329 secundam
636 2301 694 2330 hsce
706 2301 785 2330 habet
797 2302 915 2331 Savilius
931 2303 957 2330 in
972 2302 1039 2330 notis
1056 2312 1082 2340 p.
1098 2303 1156 2330 927
1172 2312 1177 2328 :
1193 2301 1402 2339 Deposteriore
1416 2300 1457 2327 acl
1469 2300 1634 2330 Corinthios

74 2345 264 2375 subdubitare
279 2355 325 2373 me
339 2347 413 2383 cogit
429 2346 528 2381 dictio,
548 2358 636 2386 quam
654 2350 686 2377 in
703 2351 837 2388 proxime
849 2351 1016 2378 memoratis
1029 2349 1120 2387 paulo
1132 2347 1315 2387 ἀκριὸεστέρπ.
1326 2347 1356 2374 Si
1367 2353 1465 2374 tamen
1475 2345 1581 2383 γνήσιον
1593 2354 1635 2376 est

75 2394 102 2421 E
105 2393 204 2421 thicon
213 2392 290 2420 illud
300 2394 472 2431 vigesimum
483 2397 691 2434 se.1:tum,quod
697 2398 774 2425 inter
787 2398 886 2425 doctos
901 2398 1058 2435 disceptari
1068 2396 1166 2427 video,
1178 2396 1269 2423 verba.
1279 2400 1354 2422 certe
1363 2393 1418 2421 illa
1430 2402 1491 2431 pag.
1506 2393 1633 2428 osni-28:

75 2438 174 2478 καὶγὰρ
183 2439 226 2468 καὶ
238 2440 349 2468 ἐνταῦθα
364 2441 561 2470 Κωνσταντῐνον
577 2443 620 2471 τὸν
635 2443 729 2481 μέγαν,
745 2451 792 2473 etc.
807 2444 1063 2483 Constantinopoli
1071 2444 1151 2472 clare
1164 2440 1422 2475 1'ntIicunt.Quaeut
1434 2439 1632 2479 intelligantur;

76 2487 131 2515 lucc
141 2486 356 2515 enimobscurius
367 2488 469 2527 prolata
478 2489 578 2528 jaccut;
588 2490 636 2519 hoc
652 2491 732 2520 modo
745 2499 805 2521 sunt
817 2491 1125 2531 intelligenda.Savilius
1141 2490 1267 2519 Photiuui
1278 2487 1465 2526 seqmuus,qui
1475 2487 1581 2517 dixerat
1593 2500 1636 2518 eas

77 2532 211 2574 homilias.
220 2544 284 2572 quas
301 2535 447 2565 Antiochiae
457 2536 550 2566 habuit
561 2538 779 2578 Cluysostotuus,
787 2540 938 2569 affui-atius
947 2540 1095 2569 elaboratas
1110 2549 1164 2567 csse
1172 2547 1252 2575 quam
1262 2546 1392 2574 cas,‹1¹¹as
1406 2535 1635 2578 (ῘΟΠ5ῙᾸΊΠῙῙΠοΡΟῙῘ
