1891 2866
102 1348 210 1378 voluptas

65 1380 138 1401 brevis
169 1385 209 1405 est,

66 1411 130 1432 dulor
160 1412 211 1433 hinc

64 1447 139 1469 partus
159 1450 208 1471 per-

67 1477 156 1501 peluus.

259 161 276 169 .-

236 170 302 194 232
571 173 595 193 S.
624 171 763 194 Jomn'ls
790 170 969 193 CHRYSOST.

1000 171 1153 193 ARClllEl‘.

1183 172 1436 195 CONSTANTINOP
1444 188 1449 193 .

232 234 307 262 verbi
328 234 422 272 gratia,
437 240 462 263 ct
475 235 581 274 probris
594 235 629 264 ab
649 235 774 264 omnibus
787 234 859 263 affici
874 241 899 263 ct
912 246 926 263 a
941 245 969 263 se
987 238 1003 260 Β
1023 234 1112 273 φύσιν,
1124 231 1176 264 οἷον
1187 235 1216 264 τὸ
1231 236 1302 274 παρὰ
1315 236 1419 264 πάντων
1434 234 1614 270 ὀνειδίζεσθαι,
1626 234 1656 262 τὸ
1670 245 1785 272 κατηγο-

231 279 288 318 ipso
295 280 424 318 accusari,
429 280 522 310 timere
531 291 562 310 ac
570 287 681 310 tremere
688 280 826 321 praesentia
834 287 859 309 et
868 280 967 308 futura.

269 373 296 402 5.
311 373 347 403 Et
358 380 387 402 ut
403 373 432 403 id
447 374 520 413 quod
541 374 601 403 dico
618 374 717 403 clarius
732 374 843 412 evadat,
862 384 966 412 suppo-

230 428 324 448 namus
351 420 505 459 quempiam
535 431 647 450 uxorem
676 420 818 449 habentem
848 419 965 459 proximi

228 464 335 504 nuptias
355 465 503 505 perfodere,
520 473 544 494 ct
559 477 592 495 ex
617 466 667 494 hoc
686 466 808 505 improbo
831 467 901 494 furto
920 466 966 494 illa

227 510 279 538 frui
293 521 374 549 quam
388 519 476 550 amat;
492 511 589 540 deinde
603 512 686 540 alium
704 512 767 540 huic
787 522 963 551 opponamus,

226 556 272 594 qui
296 568 406 586 uxorem
427 569 503 586 suam
527 559 736 597 complectatur:
755 565 837 596 utque
853 558 965 586 victoria

226 602 323 632 clarior
332 603 438 639 evadat,
446 604 491 632 hic
501 604 546 642 qui
557 604 611 632 sola
619 614 666 632 sna
678 614 760 632 uxore
771 604 878 639 fruitur,
885 603 965 631 etiam

225 647 301 677 illam
324 656 395 678 amet
414 660 474 688 qua:
494 650 678 686 adulteratur,
693 649 739 678 sed
761 660 878 678 amorem
892 649 965 677 cohi-

224 694 285 724 beat
299 696 420 734 nihilque
435 696 498 725 mali
514 696 601 733 faciat,
616 706 778 734 quamquam
793 706 825 724 ne
836 695 887 724 hoc
902 695 966 734 qui-

223 740 286 770 dem
310 749 349 770 est
373 752 440 781 pura
460 742 648 781 temperantia3
670 752 764 770 verum
789 741 823 770 ad
846 742 965 779 libitum,

1024 284 1123 320 ρεῖσθαι
1140 281 1253 316 οἴκοθεν,
1281 281 1311 310 τὸ
1330 282 1434 321 τρέμειν
1458 281 1501 310 καὶ
1525 281 1667 310 δεδοικέναι
1690 280 1735 309 καὶ
1752 280 1785 309 τὰ

1022 327 1150 366 μέλλοντα
1166 329 1209 356 καὶ
1225 328 1258 356 τὰ
1272 328 1398 367 παρόντα.

1061 374 1114 403 Καὶ
1126 374 1169 403 ἵνα
1190 376 1346 415 σαφέστερον
1369 375 1382 403 ὂ
1399 373 1468 412 λέγω
1486 373 1608 410 γένηται,
1628 371 1786 410 ὑποθώμεθα

1019 422 1056 451 τὲῗ)
1070 420 1139 459 λόγῳ
1160 421 1254 460 ἔχοντα
1266 432 1323 449 τινα
1338 425 1463 459 γυναῖκα,
1481 419 1525 448 τὸν
1545 421 1588 448 τοῦ
1603 418 1713 453 πλησίον
1729 418 1783 446 διο-

1020 467 1120 506 ρύττειν
1133 467 1217 504 γάμον
1227 489 1234 502 ,
1254 466 1298 494 καὶ
1312 466 1419 501 ἥδεσθαι
1432 469 1464 504 τῇ
1479 470 1582 504 ττονηρᾶι
1601 464 1684 501 ταύτῃ
1698 465 1784 502 κλοπῇ

1018 516 1065 548 τῆς
1087 512 1220 552 ἐρωμένης
1242 512 1407 541 ἀπολαύοντα
1422 524 1428 530 ·
1454 508 1510 540 εἶτα
1535 513 1679 548 ἀντιθῶμεν
1700 509 1785 549 τούτῳ

1017 560 1097 588 πάλιν
1109 559 1197 598 ἕτερον
1210 558 1254 586 τὸν
1268 558 1315 594 τὴν
1326 561 1403 587 αὑτοῦ
1414 558 1555 597 στέργοντα
1564 569 1570 575 ·
1581 558 1626 586 καὶ
1634 557 1676 585 ἵνα
1685 555 1783 585 πλείων

1018 605 1062 633 καὶ
1077 603 1224 644 σαφεστέρα
1234 606 1250 638 ἡ
1263 604 1322 639 νίκη
1336 604 1454 642 γίνηται,
1467 600 1539 636 οὗτος
1555 606 1568 632 6
1583 606 1629 637 τῆς
1641 604 1718 632 αὐτοῦ
1732 603 1783 640 μό-

1017 662 1063 686 νης
1085 650 1237 686 ἀπολαύων,
1251 650 1335 689 ἐράτω
1351 649 1396 687 μὲν
1420 650 1465 678 καὶ
1481 649 1580 684 ἐκείνης
1600 651 1646 683 τ-’ῆς
1662 660 1784 687 μοιχευο-

1019 696 1098 734 μένης
1108 719 1115 731 ,
1127 697 1261 736 κατεχέτω
1273 695 1299 724 δὲ
1321 699 1365 724 τοῦ
1386 695 1480 736 ἔρωτος
1491 695 1536 723 καὶ
1549 693 1630 732 μηδὲν
1643 694 1782 733 πραττέτω

1017 743 1147 782 πονηρόν·
1169 743 1253 772 καίτοι
1277 754 1306 781 γε
1327 742 1385 771 οὐδὲ
1408 741 1512 781 καθαρὰ
1529 743 1605 769 τοῦτο
1628 739 1782 780 σωφροσύνη

223 794 252 815 ut
265 787 352 816 discas
366 794 464 825 quanta
481 788 515 816 sit
529 788 638 816 virtutis
649 787 785 827 voluptas,
799 787 858 816 ideo
871 787 965 827 hujus·
983 802 1001 824 (2
1017 788 1074 817 ἐστί
1085 801 1091 806 ·
1106 789 1175 824 πλὴν
1191 790 1249 818 ἀλλ’
1266 790 1296 818 ἐκ
1309 787 1474 828 περιουσίας,
1494 787 1536 816 ἵνα
1551 788 1635 826 μάθῃς
1652 787 1722 822 πόση
1735 789 1784 822 τῆς

221 832 295 861 modj
312 832 406 861 drama
424 833 587 862 effinximus.
602 833 651 862 His
675 843 737 871 ergo
759 844 811 862 una
826 844 965 873 compara-

220 878 265 913 tis,
274 878 312 907 sic
325 879 418 908 ambos
432 879 626 918 interrogemus
642 902 650 917 ,
666 880 753 908 utrius
767 880 823 908 vita
840 880 945 910 dulcior
957 893 963 908 :

219 931 246 952 et
256 924 348 953 audies
363 924 440 953 illum
453 924 563 963 quidem
577 925 736 964 gloriantem
748 932 774 954 et
786 926 965 955 exsultantem

223 969 258 999 de
279 971 403 1009 victoria,
414 982 495 1010 quam
521 979 613 1001 contra
636 971 778 1002 libidinem
800 974 962 1013 reportavi23

224 1017 296 1045 hunc
309 1027 372 1046 vero
377 1029 386 1055 3
404 1018 458 1046 imo
473 1028 525 1046 non
547 1019 757 1058 exspectandum
774 1027 813 1048 est
828 1027 857 1048 ut
867 1020 902 1048 ab
916 1020 963 1049 illo

223 1065 290 1103 quid
307 1065 471 1094 ediscamus:
485 1066 590 1095 videbis
616 1066 687 1095 enim
708 1067 797 1105 illum,
815 1068 919 1097 etiamsi
934 1069 962 1097 id

224 1111 321 1140 millies
340 1112 492 1150 negaverit,
505 1112 686 1141 miserabilius
709 1124 788 1152 quam
808 1113 827 1142 ii
842 1115 961 1152 quisunt

223 1157 251 1186 in
262 1157 377 1187 vinculis
391 1158 523 1187 affectum.
544 1160 613 1188 Nam
635 1170 725 1188 omnes
740 1160 813 1189 timet
826 1167 851 1189 et
866 1171 960 1201 suspe-

216 1209 272 1232 ctos
290 1203 382 1242 habet,
399 1211 425 1233 et
446 1215 560 1233 uxorem
575 1215 651 1234 suam
673 1213 698 1234 et
722 1205 850 1234 adulterae
868 1207 960 1236 virum

216 1249 354 1289 ipsamque
373 1250 533 1289 adulteram,
558 1251 714 1287 familiares,
740 1252 850 1285 amicos,
866 1264 959 1292 cogna-

218 1302 268 1332 tos,
279 1297 401 1336 parletes,
409 1297 526 1333 umbras,
535 1297 653 1336 seipsum
659 1310 666 1334 3
676 1305 702 1326 et
710 1298 782 1336 quod
790 1305 828 1327 est
838 1300 958 1328 omnium

218 1344 426 1382 gravissimum,
451 1345 641 1373 conscientiam
661 1345 742 1374 habet
769 1347 958 1376 reclamantem

218 1395 243 1418 et
255 1390 376 1428 quotidie
399 1390 548 1419 latrantem.
571 1390 600 1420 Si
619 1401 683 1420 vero
708 1392 788 1421 etiam
803 1393 853 1421 Dei
869 1393 958 1422 tribu-

217 1435 261 1464 nal
283 1435 311 1464 in
336 1443 450 1465 mentem
477 1437 590 1472 venerit,
615 1447 648 1465 ne
669 1444 738 1467 stare
760 1438 868 1476 quidem
885 1447 958 1479 pote—

215 1482 259 1512 rit.
275 1482 311 1511 Et
325 1482 448 1522 voluptas
462 1482 573 1522 quidem
595 1483 686 1512 brevis
701 1491 751 1522 est,
777 1485 854 1514 dolor
867 1494 957 1516 autem

214 1528 277 1557 hinc
288 1535 380 1568 partus
394 1535 548 1568 perpetuus.
563 1530 633 1558 Nam
647 1536 672 1558 et
693 1541 803 1570 vespere
815 1538 841 1560 et
854 1532 881 1560 in
904 1543 955 1561 no—

213 1581 262 1611 cte,
278 1574 304 1602 in
319 1574 475 1611 solitudine,
491 1574 518 1603 in
539 1575 650 1604 civitate
663 1583 688 1604 et
704 1577 804 1615 ubique
820 1585 956 1607 accusator

215 1620 345 1658 sequitur,
359 1620 480 1659 gladium
494 1627 644 1650 monstrans
663 1629 771 1650 acutum
785 1630 810 1651 et
824 1624 954 1653 intolera-

213 1665 278 1694 bilia
297 1666 441 1706 supplicia,
456 1673 530 1695 metu
553 1677 710 1696 consumens
724 1668 810 1697 illum.
824 1670 876 1699 Ille
889 1682 953 1700 vero

216 1719 375 1752 temperans,
384 1712 426 1741 his
441 1713 566 1742 omnibus
577 1714 722 1751 vacuus‚in
734 1715 856 1744 libertate
869 1724 916 1754 cst,
929 1725 953 1746 et

211 1768 302 1786 secure
316 1769 428 1787 uxorem
440 1769 516 1787 suam
526 1759 610 1795 videt,
619 1759 848 1798 filios‚amic0s‚et
861 1763 953 1792 liberis

211 1803 295 1832 oculis
316 1814 405 1833 coram
418 1805 543 1833 omnibus
563 1816 590 1834 se
611 1806 698 1834 offert.
714 1806 743 1835 Si
758 1814 847 1836 autem
868 1809 891 1837 is
905 1810 952 1847 qui

212 1857 324 1887 amat‚et
333 1857 419 1879 tamen
432 1862 459 1879 se
470 1851 672 1887 continet‚tauta
691 1852 789 1881 fruitur
799 1854 950 1894 voluptate:

213 1897 260 1936 qui
278 1907 330 1925 non
341 1903 421 1933 amat,
430 1897 476 1926 sed
490 1908 557 1937 pure
570 1905 721 1937 temperans
736 1906 783 1935 est,
798 1911 849 1938 quo
859 1908 950 1940 portu,

213 1955 264 1982 qua
281 1944 475 1982 tranquillitate
499 1954 552 1973 non
566 1944 714 1974 dulciorem
733 1953 759 1974 et
776 1946 951 1986 placidiorem

213 1989 361 2030 possidebit
383 1990 521 2018 animam?
532 1990 595 2019 Ideo
610 1998 678 2019 certe
696 1991 830 2022 adulteros
850 1994 950 2024 videris

207 2045 318 2075 paucos,
337 2041 512 2075 temperantes
533 2043 623 2064 autem
641 2036 739 2076 plures.
763 2038 843 2075 Quod
862 2040 884 2068 si
900 2040 950 2069 hoc

206 2081 315 2110 dulcius
335 2088 412 2117 esset,
432 2081 483 2110 hoc
510 2081 599 2121 ipsum
627 2083 705 2112 multi
737 2084 872 2124 eligerent.
895 2087 950 2116 Nec

212 2127 280 2156 mihi
294 2127 368 2157 dicas
389 2127 478 2167 legum
492 2128 631 2167 timorem,
648 2140 732 2168 neque
747 2131 818 2160 enim
832 2132 876 2161 hic
889 2133 949 2162 illos

1018 836 1112 874 ἇρετῆς
1126 838 1142 870 ἡ
1158 835 1252 871 ἡδονὴ,
1271 835 1313 864 διὰ
1327 838 1404 864 τοῦτο
1419 835 1487 864 οὕτω
1501 835 1530 863 τὸ
1551 835 1640 874 δρᾶμα
1659 833 1782 862 ἐπλάσα-

1017 893 1073 919 μεν.
1087 882 1228 915 Συνθέντες
1244 881 1328 910 τοίνυν
1344 881 1450 916 αὐτοὺς,
1469 881 1550 914 οὕτως
1565 879 1684 920 ἐρώμεθα
1697 880 1783 918 ἄμφο-

1015 927 1117 967 τέρους,
1130 927 1199 961 τίνος
1218 928 1297 963 ἡδίων
1314 931 1327 957 6
1345 928 1414 967 βίος·
1436 927 1481 956 καὶ
1503 926 1600 965 ἀκούσῃ
1615 928 1660 954 τοῦ
1672 924 1719 964 μὲν
1737 925 1782 954 καὶ

1015 974 1276 1013 ἐγκαλλωπιζομένου
1299 975 1343 1004 καὶ
1367 975 1524 1012 σκιρτῶντος
1546 973 1590 1002 ἐπὶ
1615 975 1647 1012 τῇ
1669 972 1728 1012 νίκῃ
1747 975 1780 1012 τῇ

1015 1019 1083 1049 κατὰ
1094 1022 1140 1055 τῆς
1151 1020 1288 1059 ἐπιθυμίας
1300 1033 1306 1038 ·
1317 1020 1425 1049 3τούτου
1439 1020 1466 1049 δέ
1477 1031 1483 1036 ·
1497 1020 1595 1057 μᾶλλον
1610 1018 1637 1047 δὲ
1652 1018 1709 1048 οὐδὲ
1721 1020 1781 1047 ἀνα-

1015 1070 1102 1104 μεῖναι
1114 1067 1152 1095 δεῖ
1166 1067 1196 1096 τὸ
1210 1069 1272 1106 παρ’
1289 1068 1364 1096 αὐτοῦ
1380 1079 1404 1095 τι
1423 1068 1513 1104 μαθεῖν
1527 1077 1533 1083 ·
1553 1066 1612 1104 ὄψει
1625 1064 1675 1104 γὰρ
1691 1064 1780 1101 αὐτὸν,

1014 1112 1062 1141 κᾶν
1075 1113 1197 1152 μυριάκις
1210 1115 1337 1152 ἀρνῆται,
1350 1114 1489 1151 δεσμωτῶν
1508 1111 1663 1150 ἀθλιώτερον
1679 1110 1779 1139 διακεί-

1014 1170 1100 1196 μενον.
1115 1159 1168 1188 Καὶ
1181 1159 1232 1198 γὰρ
1247 1160 1363 1192 ἅπαντας
1384 1159 1482 1188 δέδοικε
1499 1158 1543 1186 καί
1565 1157 1720 1193 ὑποπτεύει,
1734 1158 1779 1186 καὶ

1011 1204 1060 1240 τὴν
1080 1207 1157 1234 αὑτοῦ
1178 1210 1288 1244 γυναῖκα
1305 1205 1350 1233 καὶ
1370 1206 1413 1234 τὸν
1432 1207 1478 1239 τῆς
1497 1203 1684 1242 μοιχευομένης
1697 1203 1780 1243 ἄνδρα

1011 1251 1057 1279 καὶ
1071 1251 1118 1286 τὴν
1135 1251 1323 1291 μοιχευομένην
1339 1251 1432 1287 αὐτὴν,
1452 1250 1496 1278 καὶ
1509 1249 1619 1282 οἰκείους
1632 1249 1677 1277 καὶ
1691 1248 1780 1288 φίλους

977 1302 995 1324 D
1011 1297 1055 1325 καὶ
1075 1303 1220 1336 συγγενεῖς,
1238 1298 1282 1326 καὶ
1302 1298 1404 1336 τοίχους
1416 1297 1461 1326 καὶ
1473 1296 1547 1329 σκιὰς
1558 1296 1603 1325 καὶ
1618 1295 1721 1330 ἑαυτὸν,
1734 1295 1778 1324 καὶ

1011 1343 1041 1371 τὸ
1053 1344 1159 1371 πάντων
1173 1344 1358 1383 χαλεπώτερον
1370 1366 1377 1380 ‚
1390 1344 1420 1372 τὸ
1434 1343 1546 1375 συνειδὸς
1557 1342 1612 1382 ἔχει
1627 1342 1776 1377 καταὸοῶν,

1011 1390 1138 1418 ὑλακτοῧν
1161 1391 1219 1418 καθ’
1240 1390 1353 1425 ἑκάστην
1374 1388 1543 1428 ἧμέραν.Ἂν
1567 1388 1593 1417 δὲ
1614 1388 1660 1417 καὶ
1679 1387 1710 1416 τὸ
1732 1391 1777 1417 τοῦ

1010 1436 1079 1464 Θεοῦ
1100 1436 1267 1476 δικαστήριον
1289 1436 1413 1475 ἐννοήσῃ,
1437 1436 1495 1464 οὐδὲ
1515 1437 1607 1470 στ’ἧναι
1627 1434 1776 1469 δυνήσεται.

1010 1481 1063 1510 Καὶ
1082 1483 1098 1516 ἦ
1124 1481 1170 1520 μὲν
1191 1482 1270 1517 ἡδονὴ
1291 1485 1418 1522 βραχεῖα,
1440 1485 1457 1516 ἡ
1482 1481 1508 1510 δὲ
1523 1481 1575 1510 ἀπὸ
1587 1480 1685 1516 ταύτης
1698 1480 1775 1516 ὀδύνη

1010 1527 1139 1563 διηνεκτζς.
1154 1528 1206 1556 Καὶ
1216 1528 1267 1567 γὰρ
1279 1529 1324 1556 καὶ
1338 1531 1364 1558 ἐν
1383 1527 1480 1567 ἑσπέρᾳ
1493 1527 1537 1556 καὶ
1550 1528 1577 1555 ἐν
1590 1526 1676 1562 νυκτὶ,
1690 1526 1735 1555 καὶ
1749 1527 1776 1554 ἐν

1010 1574 1107 1613 ἐρημία
1119 1574 1164 1602 καὶ
1179 1576 1204 1602 ἐν
1219 1575 1311 1611 πόλει,
1325 1574 1371 1603 καὶ
1383 1577 1519 1613 πανταχοῦ
1533 1573 1624 1602 ἕπεται
1636 1576 1650 1603 6
1663 1572 1776 1611 κατήγο-

1011 1632 1051 1659 ρος
1060 1643 1068 1655 ,
1086 1620 1155 1660 ξίφος
1167 1620 1266 1653 δεικνὺς
1277 1620 1447 1659 ἠκονημένον,
1460 1620 1505 1649 καὶ
1516 1619 1563 1653 τὰς
1575 1619 1719 1659 ἀφορήτους
1731 1631 1776 1648 κο·

1007 1666 1109 1700 λοίσεις,
1119 1666 1164 1694 καὶ
1180 1669 1217 1706 τῷ
1235 1666 1307 1707 φόίῳ
1319 1666 1517 1695 καταναλίσκων
1538 1665 1615 1694 αὐτὸν
1629 1665 1674 1694 καὶ
1687 1665 1776 1694 δαπα-

1007 1714 1067 1741 νῶν.
1082 1712 1116 1741 Ὁ
1131 1713 1157 1741 δὲ
1170 1712 1280 1751 σώφρων
1301 1714 1397 1745 ἐκεῖνος
1415 1712 1519 1741 πάντων
1537 1711 1636 1740 τούτων
1655 1711 1776 1747 ἀπήλλα-

1006 1770 1079 1793 κται,
1104 1759 1148 1787 καὶ
1172 1759 1241 1787 ἔστιν
1267 1760 1293 1787 ἐν
1313 1758 1460 1798 ἐλευθερίᾳ,
1475 1758 1519 1786 καὶ
1535 1757 1602 1796 μετὰ
1620 1757 1708 1790 ἀδείας
1726 1760 1774 1797 ὁρᾷ

972 1813 989 1836 Ε
1006 1804 1054 1838 τὴν
1067 1809 1178 1842 γυναῖκα
1195 1804 1242 1839 τὴν
1258 1807 1362 1840 ἑαυτοῦ,
1376 1804 1410 1833 τὰ
1424 1804 1531 1840 παιδία,
1542 1803 1601 1837 τοὺς
1615 1803 1717 1842 φίλους,
1728 1804 1773 1832 καὶ

1006 1850 1148 1888 ἐλευθέροις
1163 1850 1261 1878 ἅπασιν
1280 1852 1422 1890 ὀφθαλμοῖς
1437 1849 1450 1864 ¹²
1461 1852 1575 1889 ἀπαντᾷ.
1586 1851 1620 1878 Εἰ
1635 1849 1662 1878 δὲ
1674 1852 1689 1878 ὁ
1707 1851 1772 1890 ε’ρῶν

1006 1896 1068 1933 μὲν,
1090 1898 1193 1936 κρατῶν
1216 1896 1259 1932 δὲ,
1284 1897 1413 1932 τοσαύτης
1432 1896 1609 1925 ἀπολαύσεται
1630 1896 1739 1931 ἡδονῆς,
1757 1898 1772 1925 6

1006 1941 1072 1979 μηδὲ
1083 1943 1148 1980 ἐρῶν
1159 1963 1165 1976 ,
1177 1942 1244 1971 ἀλλὰ
1257 1944 1378 1982 καθαρῶς
1390 1944 1529 1981 σωφρονῶν
1538 1965 1546 1978 ,
1563 1942 1631 1974 τίνος
1648 1941 1752 1980 λιμένος
1762 1965 1771 1977 ,

1003 1987 1080 2021 ποίας
1098 1988 1214 2027 γαλήνης
1236 1989 1285 2027 οὐχ
1304 1988 1370 2023 ἡδίω
1389 1988 1433 2016 καὶ
1454 1987 1624 2028 ἦμερωτέραν
1644 1987 1771 2022 κτήσεται

1003 2033 1103 2072 ‹lau-[tiu
1117 2033 1168 2061 Διοί
1186 2045 1226 2061 τοι
1247 2036 1322 2062 τοῦτο
1341 2032 1399 2066 τοὺς
1421 2033 1588 2072 μοιχεύοντας
1604 2032 1651 2071 μὲν
1669 2033 1770 2072 ὀλίγους

1004 2079 1033 2106 ἂν
1045 2079 1124 2114 ἴδοις,
1141 2082 1336 2118 σωφρονοῦντας
1349 2079 1375 2107 δὲ
1389 2079 1500 2112 πλείους.
1516 2079 1550 2108 Εἰ
1562 2079 1589 2108 δὲ
1599 2082 1675 2108 τοῦτο
1687 2079 1770 2115 ἥδιον,

1002 2130 1077 2156 τοῦτο
1091 2127 1120 2155 ἂν
1133 2127 1233 2156 εἵλοντο
1245 2130 1269 2156 οἱ
1281 2127 1381 2156 πολλοί.
1397 2127 1449 2156 Καὶ
1464 2127 1501 2166 μή
1523 2139 1568 2166 μοι
1581 2127 1642 2166 λέγε
1654 2128 1698 2157 τὸν
1718 2129 1770 2157 ἀπὸ

213 2174 328 2203 continet
337 2196 346 2211 ,
364 2173 409 2203 sed
432 2174 606 2204 absurditatis
632 2176 789 2215 magnitudo
800 2201 807 2215 ‚
829 2186 853 2207 et
877 2180 948 2218 quod
960 2198 994 2217 19⁹
1003 2177 1054 2203 τῶν
1066 2176 1152 2214 νόμων
1167 2176 1244 2215 φόὲον
1257 2188 1263 2194 ·
1283 2176 1402 2216 οὐδὲγὰρ
1417 2172 1490 2210 οὗτός
1505 2178 1574 2205 ἔστιν
1589 2175 1681 2209 αὐτοὺς
1693 2179 1706 2206 ὁ
1719 2188 1769 2206 κα-

212 2219 292 2259 plura
308 2219 348 2248 ibi
376 2219 429 2248 sint
451 2219 520 2248 tristi
545 2230 626 2258 quam
651 2223 754 2258 suavia,
771 2230 795 2252 et
811 2226 948 2254 conscicn-
968 2228 986 2248 Α
1002 2225 1096 2264 τέχων,
1109 2226 1165 2254 ἀλλ’
1181 2228 1197 2260 ἦ
1215 2227 1262 2258 τῆς
1277 2225 1385 2257 ἀτοπίας
1396 2224 1543 2264 ὗπερδολὴ,
1562 2224 1650 2253 καὶτὸ
1663 2225 1770 2254 πλείονα

213 2267 256 2295 tiae
271 2277 378 2305 quoque
392 2266 519 2296 calculus.
539 2266 573 2296 Et
585 2267 690 2297 adulter
704 2270 814 2308 quidem
825 2272 886 2301 talis
897 2280 946 2302 est.

213 2313 243 2342 Si
257 2313 344 2352 placet
370 2320 468 2349 autem,
488 2323 601 2342 avarum
621 2325 725 2353 quoque
745 2315 910 2346 adducamus
923 2319 950 2348 in

213 2360 433 2396 medium,alium
445 2371 537 2389 rursus
548 2360 672 2400 iniquum
690 2373 808 2392 amorem
823 2364 949 2404 detegen-

213 2413 262 2435 tes.
278 2406 386 2436 Etenim
407 2408 496 2446 ipsum
517 2406 596 2436 etiam
620 2407 770 2438 videbimus
784 2410 875 2439 eadem
897 2412 948 2441 for-

245 2517 255 2528 ²
274 2511 332 2543 Reg.
341 2513 420 2538 τούτου
432 2513 455 2537 δὲ
471 2515 508 2537 καὶ
521 2516 676 2545 αἰσχυνομένου
688 2518 723 2539 καὶ
739 2516 897 2546 {anoni-stamm-
908 2523 969 2551 μᾶ).-

208 2553 256 2575 λον.

1003 2269 1068 2302 εῖναι
1091 2273 1124 2301 τὰ
1150 2273 1255 2313 λυπηρὰ
1275 2276 1326 2302 τῶν
1348 2274 1440 2310 ἡδέων,
1464 2274 1509 2303 καὶ
1527 2277 1544 2310 ἡ
1560 2278 1605 2303 τοῦ
1627 2275 1771 2308 συνειδότος

1003 2323 1095 2361 ψῆφος.
1119 2322 1172 2350 Καὶ
1186 2324 1199 2350 6
1215 2321 1261 2360 μὲν
1282 2322 1372 2362 μοιχὸς
1393 2325 1514 2356 τοιοῦτος.
1533 2323 1568 2351 Εἰ
1588 2321 1615 2350 δὲ
1632 2321 1770 2361 βούλεσθε,

1004 2371 1048 2398 καὶ
1058 2371 1101 2399 τὸν
1113 2371 1271 2407 πλεονέκτην
1282 2373 1317 2404 εἷς
1329 2372 1407 2410 μέσον
1420 2371 1573 2410 ἀγάγωμεν,
1586 2370 1673 2410 ἕτερον
1684 2371 1769 2411 ἔρωτα

1003 2420 1082 2448 πάλιν
1094 2419 1246 2458 παράνομον
1260 2421 1476 2458 ἀπογυμνοῧντες.
1485 2418 1539 2448 Καὶ
1552 2418 1602 2458 γὰρ
1619 2419 1664 2448 καὶ
1679 2423 1768 2449 τοῦτον

1054 2521 1135 2552 ¹›[sic
1157 2523 1250 2553 optime
1272 2523 1299 2546 A.
1319 2523 1346 2547 B.
1366 2521 1506 2554 Legebatur
1526 2525 1623 2548 ἅπαντα.
1646 2521 1767 2548 ΟοωωιΙ.

1020 2563 1106 2585 ἅπαντα
1121 2562 1184 2592 ὁρᾷ]
