1906 2866
265 179 335 213 [312

266 250 399 279 brevitate
410 260 513 289 semper
524 250 678 279 exstimulat
688 262 694 278 z
705 250 774 279 unde
786 257 811 278 et
823 250 877 278 alio
889 250 946 278 loeo
957 249 1003 285 ait,
1021 260 1038 282 E

117 307 171 327 Itum
207 306 240 327 13.
269 297 355 326 Nunc
369 298 443 324 enim
453 298 570 335 propior
581 303 622 324 es!
635 303 734 324 nostra
749 296 828 324 salus
836 308 845 329 ,·
862 302 886 323 ct
900 304 1003 329 rursus,

115 399 127 419 5

119 370 210 396 mut-‘vl'
237 367 244 396 ,Ι
271 347 413 374 Dominus
423 355 510 382 prope
524 350 574 372 est.
589 344 639 371 llic
652 354 714 372 vero
733 343 873 381 quidpiam
887 341 1005 379 amplius

269 392 340 419 sacit.
360 392 450 428 Neque
470 390 541 418 enim
559 389 622 417 hinc
642 396 746 417 tautum
769 398 812 415 eos
834 387 869 414 ad
892 387 1003 414 salutem

268 437 392 476 impellit,
409 435 482 473 quod
500 436 581 463 breve
599 442 676 472 atque
696 433 826 469 exiguum
841 432 875 459 sit
890 431 918 459 id
938 438 1007 459 tem-

267 482 338 521 poris
352 481 423 519 quod
445 487 539 514 restat,
556 479 601 507 sed
624 479 686 506 hinc
703 478 799 515 etiam,
824 477 895 514 quod
919 476 1006 505 solum

268 530 318 557 hoc
333 536 438 567 tempus
450 527 485 555 ad
499 538 556 555 cam
571 525 773 564 adipiscendam
789 524 942 563 appositum
958 524 1002 551 sit.

269 576 345 603 Ecce
357 576 433 602 enim
449 583 526 601 nunc
539 579 647 609 tempus
660 571 852 609 acceptabile,
865 580 931 598 ecce
945 570 1005 598 dies

268 622 380 649 salutis.
395 621 434 648 'Nc
450 619 531 656 igitur
549 617 714 646 occasionem
736 617 812 645 nobis
835 616 922 655 perire
935 616 1006 644 sina-

268 678 341 702 mus,
355 665 401 693 scd
422 664 535 702 dignum
553 669 660 701 accepta
675 662 760 701 gratia
783 662 906 690 studium
928 661 998 690 exhi·

267 712 387 740 beamus.
413 710 481 737 Nam
501 707 560 735 ideo
574 714 600 735 et
624 707 676 746 ipsi
698 707 868 742 festinamus,
891 705 965 744 quod
982 713 1051 747 et52²

268 757 425 785 brevitatem
448 761 473 782 et
497 753 726 792 opportunitatem
746 752 873 791 temporis
895 762 1008 790 perspe-
1025 758 1043 778 A

269 809 338 829 ctam
354 801 499 828 habeamus
511 810 517 826 ε
533 799 604 826 unde
618 799 698 827 etiam
711 798 833 833 dicebat,
849 797 1010 836 Adjuvan-

269 854 311 875 tes
325 853 422 875 autem
438 846 635 873 exhortamur.
651 844 857 884 Adjuvantes‚
872 853 920 871 vos
937 842 1009 870 seili-

269 899 308 920 cet
322 904 328 919 z
342 902 389 920 vos
403 891 474 919 enim
488 891 593 929 potius,
608 900 689 928 quam
704 891 792 918 Deum
806 899 855 928 pro
871 898 924 926 quo
938 888 1011 926 lega-

270 938 349 966 tionis
362 947 458 965 munus
469 936 584 971 obimus,
597 935 767 974 adjuvamus.
781 935 841 973 lpse
854 934 925 962 enim
937 932 1010 961 nulla

270 994 298 1012 re
319 983 430 1021 indiget,
446 992 540 1011 verum
555 981 626 1009 salus
647 980 733 1009 omnis
756 979 792 1008 ad
814 990 862 1009 vos
881 985 1010 1018 permeat.

272 1032 357 1067 Atque
374 1035 403 1056 ut
422 1027 502 1056 ctiam
518 1027 567 1055 Dei
582 1025 733 1065 adjutorem
746 1036 773 1054 se
792 1035 848 1053 esse
870 1024 943 1052 dicat
954 1046 962 1058 ,
978 1034 1010 1052 ne

271 1075 321 1102 hoc
334 1074 442 1112 quidem
458 1073 504 1101 ille
516 1072 640 1112 repudiat
653 1084 659 1102 z
674 1082 735 1100 nam
746 1071 835 1100 etalio
849 1071 908 1099 loco
924 1070 1009 1107 dicit,

123 1140 142 1153 ι,
155 1132 208 1152 (κη,
223 1132 244 1153 3.
273 1122 329 1149 Dei
345 1121 493 1159 adjutores
508 1129 617 1147 sumus.
636 1121 724 1156 Atque
737 1118 788 1146 hac
803 1117 905 1145 ratione
919 1116 1011 1145 homi-

120 1170 135 1189 t)
142 1180 144 1183 .

272 1177 314 1195 nes
331 1177 437 1194 rursum
454 1165 566 1193 salutem
588 1164 726 1203 impertire
747 1164 802 1192 ait:
819 1165 859 1191 Et
874 1163 1012 1191 exhorta-

273 1222 345 1239 mur.
358 1211 406 1239 llle
420 1210 519 1249 quippe
534 1220 594 1237 cum
608 1209 774 1245 exhortatur,
788 1219 840 1236 non
854 1208 1012 1246 simpliciter

271 1257 447 1290 exhortatur,
464 1255 511 1283 scd
534 1255 581 1282 has
602 1254 805 1293 justificationes
828 1253 922 1289 affert5
940 1251 1011 1290 quod

270 1304 374 1342 justum
388 1302 466 1329 illum
488 1300 606 1337 Filium,
622 1299 669 1337 qui
691 1310 724 1327 nc
745 1305 883 1338 peecatum
903 1297 1012 1336 quidem

273 1355 370 1385 nosset,
384 1346 533 1382 donaverit,
546 1352 571 1374 ct
582 1356 631 1384 pro
641 1345 717 1373 nobis
729 1344 912 1383 peccatoribus
924 1343 1013 1382 ipsum

274 1400 412 1432 peccatum
436 1391 537 1427 fecerit,
562 1397 591 1418 ut
612 1401 659 1418 nos
682 1389 747 1428 justi
770 1389 937 1417 efficiamur:
955 1399 1013 1426 quac

273 1439 383 1477 quidem
395 1448 456 1467 cum
471 1437 567 1465 habeat
578 1459 585 1473 ,
602 1447 633 1465 ac
647 1438 719 1464 Deus
733 1435 779 1472 sit,
795 1446 828 1464 nc
843 1446 936 1473 rogare
949 1435 1012 1472 qui-

273 1484 335 1513 dem
349 1494 408 1512 eum
423 1489 535 1521 oportet,
550 1482 671 1510 homines
684 1481 841 1520 praescrtim,
853 1488 877 1509 et
889 1491 903 1508 a
916 1481 1015 1518 quibus

274 1529 391 1557 offensus
413 1528 513 1562 suerat,
535 1537 628 1555 verum
654 1526 767 1564 singulis
791 1526 886 1553 diebus
909 1525 1013 1563 rogari;

275 1574 360 1602 nihilo
373 1573 458 1601 secius
473 1579 560 1600 tamen
575 1578 651 1609 rogat
665 1583 670 1598 z
687 1578 713 1599 at
727 1582 788 1607 nos,
803 1581 863 1598 cum
880 1580 1015 1608 rogamus,

275 1619 381 1648 nullum
395 1618 504 1646 omnino
515 1617 574 1655 jus,
589 1616 695 1644 nullum
717 1615 879 1644 heneficium
899 1615 1016 1654 proferre

275 1674 431 1704 possumus,
445 1673 537 1691 verum
552 1673 635 1690 unum
651 1661 712 1695 hoc,
724 1660 798 1699 quod
810 1661 871 1695 Dei,
883 1660 928 1698 qui
945 1667 1014 1688 tanta

276 1711 344 1739 bona
361 1709 476 1743 dederit,
497 1708 603 1736 nomine
622 1718 670 1736 vos
691 1707 869 1735 obsecramus.
886 1706 1015 1735 Obsecra-

276 1767 337 1784 mus
351 1766 440 1794 porro,
458 1761 487 1783 ut
501 1754 621 1782 oblatum
635 1752 794 1781 beneficium
809 1751 956 1790 accipiatis,
969 1762 1016 1779 nec

277 1812 374 1830 munus
390 1800 545 1840 repudietis.
561 1801 665 1828 Morem
681 1799 771 1836 itaque
786 1798 861 1825 nobis
875 1798 973 1836 gerite,
987 1808 1017 1825 ac

278 1847 367 1876 videte
389 1857 421 1874 nc
442 1846 468 1874 in
484 1856 604 1883 *vacuum
620 1844 733 1882 gratiam
746 1843 891 1882 accipiatis.
909 1843 1017 1870 Etenim

279 1903 311 1921 nc
325 1893 366 1920 illi
382 1893 408 1920 in
432 1892 482 1920 hoe
496 1902 549 1919 uno
565 1889 805 1919 reconciliationem
830 1889 943 1927 positam
963 1899 1019 1916 esse

279 1939 472 1972 existimarent,
491 1943 520 1965 ut
537 1935 642 1964 vocanti
664 1935 745 1963 fidem
768 1934 941 1969 adhiberent,
960 1935 1018 1962 idco

279 1984 337 2012 haec
353 1984 434 2012 verba
453 1981 587 2021 adjungit,
604 1980 702 2018 quibus
717 1979 836 2008 studium
853 1980 878 2008 in
894 1980 954 2009 vitae
972 1990 1018 2008 ra-

281 2030 353 2058 tione
372 2028 508 2067 efflagitat.
531 2029 599 2056 Nam
623 2026 683 2064 qui,
709 2033 881 2065 posteaquam
905 2026 1020 2065 peccatis

281 2077 410 2104 liberatus
439 2081 518 2111 atque
541 2073 568 2101 in
596 2072 742 2100 amicitiam
770 2079 891 2111 receptus
921 2079 973 2107 est,
994 2072 1021 2100 in

284 2120 419 2161 prioribus
434 2119 542 2157 flagitiis
565 2128 657 2145 rursus
675 2118 826 2153 volutatur,
844 2117 866 2145 is
881 2118 915 2146 ad
928 2117 1021 2145 inimi-

284 2167 358 2195 citias
375 2165 458 2201 redi13
474 2175 504 2192 ac
526 2164 624 2191 frustra
636 2185 642 2197 ,
659 2170 787 2201 quantum
809 2163 844 2191 ad
860 2163 944 2192 vitam
959 2163 1022 2191 atti-

1032 1305 1048 1326 B

147 2216 343 2248 (ἴηνα-10111101,
359 2210 471 2249 gratiam
492 2209 542 2237 Dei
562 2208 671 2246 accepit.
691 2209 783 2246 Neque
802 2209 872 2236 cuim
898 2219 1023 2246 magnum

133 2251 225 2266 ιιιιιίιιιιι
235 2253 274 2273 ]ι1-

133 2283 165 2297 mi
179 2278 203 2297 ad
218 2277 275 2296 „ilu-

218 2346 276 2358 xixa.

286 2256 427 2296 quidpiam
445 2255 479 2283 ad
498 2254 611 2283 salutem
634 2253 710 2281 nobis
724 2253 801 2281 affert
819 2253 913 2291 gratia,
929 2253 951 2282 si
975 2254 1023 2281 im-
1044 2269 1062 2290 γ)

135 2313 147 2327 ¹·
159 2316 191 2330 ω,
206 2315 221 2326 ³·
234 2315 274 2327 ¹¹¹¹-
288 2315 353 2344 pure
368 2304 492 2332 vivamus
506 2313 511 2328 :
530 2302 594 2338 quin
616 2300 706 2339 potius
724 2299 913 2328 detrimentum
935 2300 961 2328 in
978 2310 1025 2328 nos

134 2347 187 2365 lttlll'

134 2377 145 2388 ΙΙ

288 2349 407 2384 accersit,
424 2346 607 2377 vehementius
618 2346 644 2373 in
660 2345 772 2384 pcccatis
787 2353 920 2382 gravatos,
936 2353 964 2373 ut
979 2346 1025 2383 qui

287 2403 346 2436 post
355 2392 487 2434 ejusmodi
496 2391 677 2431 cognitionem
685 2401 716 2419 ac
726 2391 882 2419 beneficium
893 2391 926 2420 ad
938 2392 1025 2430 priora

286 2447 351 2476 vitia
369 2456 415 2474 nos
430 2445 501 2484 ipsos
516 2443 670 2472 referamus.
686 2444 721 2471 At
738 2441 856 2471 nondum
873 2441 924 2470 hoc
937 2442 1025 2481 ponit,

319 2552 327 2561 υ
348 2541 385 2575 [Α.
398 2541 492 2565 omittit
506 2541 587 2572 ,ui-12]

616 190 644 213 S.
673 189 812 213 sommis
837 189 1017 213 CHRYSOST.
1046 187 1202 211 AncntEP.
1231 186 1496 210 CONSTANTINOP-

1058 248 1102 276 καὶ
1117 249 1233 286 ἀλλαχοῦ
1253 259 1332 285 φησι,
1346 249 1400 276 Νῦν
1421 247 1471 287 γὰρ
1493 247 1628 286 ἐγγύτερον
1643 250 1718 285 ἡμῶν
1734 251 1750 284 ἡ
1767 260 1823 278 σω·

1058 293 1152 330 τηρία·
1165 292 1210 320 καὶ
1232 292 1322 327 πάλιν,
1337 293 1370 321 ‘0
1387 292 1480 331 Κύριος
1495 292 1579 331 ἐγγύς.
1601 293 1731 322 Ἐνταῦθα
1755 293 1782 322 δέ
1797 306 1823 322 τι

1059 338 1103 365 καὶ
1116 337 1192 366 πλέον
1208 342 1286 365 ποιεῖ.
1299 337 1366 366 Οὐδὲ
1380 338 1432 376 γὰρ
1447 337 1498 366 ἀπὸ
1512 342 1557 366 τοῦ
1571 338 1600 366 τὸ
1613 339 1766 375 λειπόμενον
1779 343 1824 367 τοῦ

1058 382 1151 421 χρόνου
1168 382 1253 422 βραχὺ
1273 383 1317 411 καὶ
1340 384 1432 422 μικρὸν
1453 379 1533 418 εἶναι,
1556 383 1623 411 ἀλλὰ
1645 384 1690 411 καὶ
1710 383 1761 412 ἀπὸ
1779 387 1823 412 τοῦ

1057 433 1146 459 τοῦτον
1169 431 1246 468 μόνον
1262 431 1304 460 τὸν
1320 431 1410 470 καιρὸν
1433 431 1578 465 ἐπιτήδειον
1602 426 1668 458 εἶναι
1687 432 1722 462 εἰς
1738 443 1824 466 σωτη-

1060 476 1126 515 ρίαν,
1143 476 1236 514 ἐνάγει.
1250 476 1317 505 Ἰδοὺ
1337 476 1397 514 γὰρ,
1414 477 1492 514 φησὶ,
1503 479 1546 503 νῦν
1571 476 1660 515 καιρὸς
1680 476 1823 514 εὐπρόσδε-

1057 533 1135 556 κτος,
1151 521 1205 550 ἰδοὺ
1220 522 1308 561 ἡμέρα
1323 522 1462 561 σωτηρίας.
1479 521 1525 556 Μὴ
1541 521 1625 550 τοίνυν
1641 522 1778 559 προδῶμεν
1795 523 1825 551 τὸ

1059 567 1189 607 εὔκαιρον,
1204 569 1260 595 ἀλλ’
1282 566 1471 604 ἐπιδειξώμεῡα
1493 567 1565 599 ἀξίαν
1585 569 1632 601 τῆς
1653 568 1761 607 χάριτος
1777 568 1824 603 τὴν

1060 613 1183 647 σπουδήν.
1197 612 1248 640 Διὰ
1261 615 1336 641 τοῦτο
1350 612 1400 651 γὰρ
1419 612 1464 640 καὶ
1486 615 1562 649 ἡμεῖς
1584 614 1756 650 ἐπειγόμεθα,
1780 614 1824 642 καὶ

1060 658 1089 686 τὸ
1106 657 1191 697 βραχὺ
1213 658 1256 686 καὶ
1279 658 1308 686 τὸ
1324 658 1470 692 ἐπιτήδειον
1492 658 1586 690 εἰδότες
1605 661 1649 687 τοῦ
1665 663 1755 698 καιροῦ
1767 671 1772 678 -
1786 658 1825 688 διὸ

1061 704 1105 732 καὶ
1120 704 1207 741 ἔλεγε,
1219 704 1405 742 Συνεργοῦντες
1416 703 1442 731 δὲ
1458 703 1503 731 καὶ
1523 705 1739 742 παρακαλοῦμεν.
1757 706 1824 733 Συν-

1062 752 1193 788 εργοῦντες
1209 751 1283 786 ὑμῖν·
1297 751 1356 786 ὑμῖν
1371 748 1422 788 γὰρ
1434 751 1607 787 συνεργοῦμεν
1623 751 1732 787 μᾶλλον,
1753 749 1770 784 ἢ
1788 752 1826 789 τῷ

1062 796 1137 833 Θεῷ,
1150 793 1215 833 ὑπὲρ
1229 790 1257 822 οῦ
1272 794 1458 832 πρεσέεύομεν,
1475 795 1587 826 Οὐδενὸς
1600 795 1651 833 γὰρ
1665 797 1760 827 ἐκεῖνος
1771 796 1825 823 δεῖ-

1063 852 1124 877 ται,
1140 841 1198 869 ἀλλ’
1213 843 1228 875 ἡ
1243 839 1360 879 σωτηρία
1374 844 1448 868 πᾶσα
1462 841 1496 872 εἰς
1511 842 1579 877 ὑμᾶς
1600 841 1736 870 staffilum.
1752 842 1785 870 Εἰ
1800 841 1827 869 δὲ

1063 887 1107 915 καὶ
1120 888 1156 925 τῷ
1173 888 1234 924 Θεῷ
1246 886 1315 923 λέγει
1330 890 1472 924 συνεργεῖν,
1485 886 1542 915 οὐδὲ
1553 890 1628 915 τοῦτο
1642 892 1822 926 παραιτεῖται·

1063 932 1108 960 καὶ
1129 931 1179 970 γὰρ
1199 933 1315 970 ἀλλαχοῦ
1337 942 1420 969 φησι,
1435 932 1504 960 Θεοῦ
1528 932 1579 970 γάρ
1598 933 1675 970 ἐσμεν
1700 933 1827 972 συνεργοί.

1064 977 1156 1016 Ταύτῃ
1172 977 1236 1016 φησὶ
1255 976 1313 1009 τοὺς
1328 976 1480 1015 ἀνθρώπους
1496 976 1586 1010 σώζειν
1599 978 1678 1006 πάλιν
1690 990 1696 996 ·
1711 978 1764 1007 Καὶ
1777 989 1828 1006 πα-

1065 1025 1237 1062 ρακαλοῦμεν.
1250 1024 1364 1054 Ἐκεῖνος
1381 1022 1427 1059 μὲν
1437 1022 1488 1061 γὰρ
1499 1024 1671 1062 παρακαλῶν,
1681 1026 1729 1063 οὐχ
1740 1025 1829 1056 ἁπλῶς

1064 1071 1231 1108 παρακαλεῖ,
1254 1068 1322 1096 ἀλλὰ
1344 1072 1427 1096 ταῦτα
1451 1068 1648 1106 προτεινόμενος
1672 1069 1705 1098 τὰ
1723 1070 1828 1098 δικαιώ-

1065 1126 1150 1152 ματα·
1167 1114 1207 1143 ὅτι
1220 1114 1263 1142 τὸν
1278 1114 1340 1141 Υἱὸν
1352 1114 1432 1142 ἔδωκε
1440 1114 1483 1142 τὸν
1496 1114 1606 1150 δίκαιον,
1620 1115 1662 1143 τὸν
1676 1114 1734 1144 οὐδὲ
1747 1116 1830 1154 ἆμαρ-

1064 1160 1122 1189 τίαν
1137 1160 1237 1195 εἰδότα,
1248 1160 1293 1188 καὶ
1304 1159 1435 1198 ἁμαρτίαν
1448 1159 1524 1188 αὐτὸν
1539 1161 1660 1196 ἐποίησεν
1672 1161 1737 1200 ὑπὲρ
1754 1164 1830 1199 ἡμῶν

1065 1207 1117 1234 τῶν
1133 1207 1308 1245 ἁμαρτωλῶν,
1319 1205 1362 1233 ἵνα
1377 1208 1454 1243 ἡμεῖς
1477 1204 1613 1244 γενώμεθα
1635 1206 1743 1235 δίκαιοι·
1764 1208 1831 1247 ἅπερ

1066 1252 1174 1290 ἔχοντα,
1195 1252 1238 1279 καὶ
1253 1252 1320 1281 Θεὸν
1347 1252 1425 1287 ὄντα,
1448 1252 1505 1281 οὐδὲ
1526 1254 1690 1290 παρακαλεῖν
1713 1254 1767 1288 δεῖ,
1786 1254 1832 1282 καὶ

1066 1301 1147 1325 ταῦτα
1163 1297 1314 1336 ἀνθρώπους
1325 1320 1332 1331 ,
1355 1297 1400 1325 καὶ
1419 1297 1677 1337 προσκεκρουκότας,
1692 1298 1759 1327 ἀλλὰ
1782 1311 1832 1327 πα-

1068 1345 1237 1382 ρακαλεῖσθαι
1251 1345 1309 1371 καθ’
1321 1344 1435 1378 ἑκάστην
1451 1343 1553 1382 ἡμέραν
1564 1355 1570 1361 ·
1587 1345 1644 1372 ἀλλ’
1658 1343 1729 1381 ὅμως
1742 1357 1832 1384 παρα-

1068 1391 1142 1418 καλεῖ
1152 1400 1158 1406 ·
1173 1392 1249 1427 ἡμεῖς
1265 1389 1291 1417 δὲ
1312 1390 1526 1427 παρακαλοῦμεν,
1540 1389 1674 1427 δικαίωμα
1687 1389 1733 1427 μὲν
1752 1390 1833 1428 μηδὲν

1068 1435 1171 1474 ἔχοντες
1190 1437 1265 1472 ἡμῶν
1282 1436 1364 1463 εἰπεῖν
1379 1434 1436 1462 οὐδὲ
1459 1434 1637 1472 εὐεργέτημα,
1659 1434 1685 1463 ἓν
1701 1435 1728 1464 δὲ
1748 1435 1835 1473 μόνον,

1069 1482 1098 1510 τὸ
1112 1481 1177 1520 ὑπὲρ
1195 1483 1264 1509 Θεοῦ
1274 1503 1281 1515 ,
1297 1480 1342 1508 καὶ
1354 1482 1464 1508 τοιαῦτα
1484 1480 1698 1518 ἐπιδειξαμένου,
1714 1493 1836 1520 παρακα-

1069 1529 1132 1556 λεῖν.
1148 1528 1360 1565 Παρακαλοῦμεν
1375 1525 1401 1554 δὲ
1415 1525 1457 1553 ἵνα
1477 1525 1523 1560 τὴν
1545 1526 1693 1565 εὐεργεσίαν
1715 1527 1838 1563 δέξησθε,

1071 1572 1116 1600 καὶ
1131 1572 1167 1609 μὴ
1185 1571 1383 1606 ἀποκρούσησῡε
1408 1571 1456 1605 τὴν
1476 1571 1584 1609 δωρεάν.
1600 1572 1730 1606 Πείσθητε
1754 1572 1838 1601 τοίνυν

1070 1620 1144 1655 ἡμῖν,
1166 1617 1211 1646 καὶ
1236 1617 1272 1655 μὴ
1288 1618 1323 1649 εἷς
1343 1617 1415 1645 κενὸν
1437 1616 1484 1651 τὴν
1498 1617 1577 1656 χάριν
1591 1616 1706 1652 δέξησθε.
1718 1617 1778 1647 Ἵνα
1789 1618 1839 1657 γὰρ

1072 1664 1107 1701 μὴ
1131 1664 1282 1701 νομίσωσιν,
1303 1662 1341 1691 ὅτι
1357 1662 1431 1691 τοῦτο’
1452 1663 1508 1690 ἐστι
1531 1662 1685 1701 καταλλαγὴ
1710 1663 1796 1701 μόνον,
1811 1665 1841 1693 τὸ

1071 1713 1207 1738 πιστεῦσαι
1222 1710 1258 1747 τῷ
1285 1710 1420 1743 καλοῦντι,
1436 1708 1529 1747 ἐπάγει
1549 1711 1632 1736 ταῦτα
1641 1729 1648 1742 ,
1661 1707 1709 1744 τὴν
1721 1709 1782 1747 περὶ
1795 1709 1839 1738 τὸν

1073 1755 1127 1794 βίον
1141 1754 1256 1789 σπουδὴν
1272 1755 1401 1782 ἀπαιτῶν.
1420 1753 1459 1781 Τὸ
1480 1753 1532 1793 γὰρ
1553 1753 1739 1792 ἀπαλλαγέντα
1757 1756 1842 1793 ἆμαρ-

1073 1801 1199 1838 τημοίτων
1216 1801 1259 1829 καὶ
1281 1800 1355 1838 φίλον
1377 1799 1525 1837 γενόμενον,
1539 1805 1594 1832 τοῖς
1613 1801 1748 1839 προτέροις
1762 1801 1841 1838 ἔγκα-

1072 1849 1215 1877 λινδεῖσθαι
1230 1847 1319 1880 πάλιν,
1335 1846 1376 1873 ἐπ’
1390 1845 1485 1884 ἔχθραν
1501 1846 1651 1874 ἐπανελθεῖν
1662 1847 1730 1880 ἐστι,
1746 1846 1791 1874 καὶ
1805 1848 1840 1879 εἰς

1073 1893 1145 1923 κενὸν
1159 1892 1207 1927 τὴν
1221 1891 1299 1931 χάριν
1315 1890 1452 1926 δέξασθαι,
1463 1890 1530 1918 κατὰ
1545 1890 1589 1918 τὸν
1605 1893 1649 1919 τοῦ
1674 1890 1734 1928 βίου
1749 1891 1838 1930 λόγον.

1075 1938 1158 1967 Οὐδὲν
1177 1937 1228 1976 γὰρ
1252 1936 1303 1964 ἀπὸ
1323 1938 1370 1970 τῆς
1384 1936 1591 1975 χάριτοςὲμέγα
1611 1936 1782 1976 ὠφελούμεθα
1805 1939 1840 1970 εἷς

1075 1983 1217 2022 σωτηρίαν,
1233 1982 1385 2020 ἀκαθάρτως
1401 1984 1494 2014 ζῶντες
1504 1993 1510 1999 ·
1527 1982 1595 2011 ἀλλὰ
1611 1983 1655 2011 καὶ
1670 1983 1841 2021 βλαπτόμεθα

1077 2029 1200 2068 μειζόνως
1215 2028 1296 2065 ταύτῃ
1313 2027 1469 2065 βαρούμενοι
1492 2027 1536 2055 καὶ
1558 2030 1583 2057 ἐν
1605 2033 1658 2062 τοῖς
1681 2029 1841 2068 ἁμαρτήμα-

1077 2087 1127 2109 σιν,
1142 2074 1182 2103 ὅτι
1194 2074 1238 2102 καὶ
1251 2073 1318 2111 μετὰ
1329 2072 1469 2110 ἐπίγνωσιν
1490 2073 1613 2109 τοιαύτην
1628 2073 1672 2102 καὶ
1686 2073 1784 2112 δωρεὰν
1800 2074 1843 2102 ἐπὶ

1077 2120 1110 2149 τὰ
1124 2118 1240 2158 πρότερα
1261 2118 1441 2156 ἐπανήλθομεν
1463 2118 1542 2147 κακά.
1554 2119 1634 2147 Ἀλλὰ
1652 2122 1726 2147 ’τοῦτο
1740 2118 1787 2156 μὲν
1800 2121 1843 2147 οὐ·

1079 2166 1150 2195 ‹Sino›
1166 2165 1278 2199 τίΟηο-ιν,
1292 2163 1359 2192 ὥστε
1384 2163 1420 2201 μὴ
1434 2163 1533 2202 τραχὺν
1555 2166 1665 2198 ποιῆσαι
1688 2164 1732 2192 τὸν
1755 2164 1843 2203 λόγον·

1080 2213 1120 2241 ὅτι
1135 2212 1161 2240 δὲ
1183 2210 1253 2240 οὐδὲν
1269 2210 1437 2249 ὠφελούμεθα
1449 2209 1520 2248 λέγει
1534 2209 1619 2247 μόνον.
1633 2205 1699 2238 Εἶτα
1719 2209 1764 2238 καὶ
1776 2221 1844 2248 προ-

1080 2257 1186 2297 φητείας
1201 2255 1412 2293 ἀναμιμνήσκει,
1424 2255 1586 2293 κατεπείγων
1603 2255 1710 2289 αὐτοὺς,
1727 2255 1772 2284 καὶ
1787 2267 1846 2283 συν-

1080 2305 1152 2331 ωθῶν
1165 2303 1200 2334 εἷς
1215 2301 1244 2329 τὸ
1259 2302 1430 2335 διαναστῆναι
1444 2301 1508 2340 πρὸς
1525 2300 1571 2335 τὴν
1585 2303 1631 2335 τ’ῆς
1646 2300 1742 2332 οἰκείας
1757 2312 1846 2335 σωτη-

1082 2349 1137 2389 ρίας
1152 2347 1299 2385 ἀντίληψιν.
1312 2346 1390 2384 Λέγει
1409 2346 1469 2384 γὰρ,
1486 2345 1550 2384 φησί
1562 2357 1567 2362 ·
1577 2347 1661 2384 καιρῷ
1681 2347 1764 2384 δεκτῷ
1780 2346 1848 2380 ἐπή-

1081 2394 1162 2424 κουσοί
1178 2405 1241 2428 σου,
1255 2393 1300 2421 καὶ
1323 2394 1348 2420 ἐν
1373 2392 1460 2431 ἡμέρᾳ
1484 2390 1616 2429 σωτηρίας
1641 2391 1773 2427 {Germ-quui
1798 2403 1848 2420 σοι.

1083 2440 1150 2470 Ἰδοὺ
1164 2442 1208 2468 νῦν
1221 2438 1310 2477 καιρὸς
1331 2438 1532 2477 εὐπρόσδεκτος,
1550 2437 1603 2466 ἰδοὺ
1625 2439 1669 2466 νῦν
1690 2438 1778 2477 ἡμέρα
1799 2449 1848 2465 σω-
