1891 2866
560 160 591 182 IN
620 160 726 183 EI‘IST.
752 161 774 183 Ι.
804 161 849 182 ΑΙ)

100 228 225 257 ἐναντίου.
250 228 296 262 Μή
315 239 371 259 πως
393 228 479 260 ἄλλοις
501 227 630 266 κηρύξας,
648 227 724 260 αὐτὸς
741 228 864 266 ἀδόκιμος

99 275 224 313 γένωμαι.
239 275 271 302 Ei
283 273 309 303 δὲ
323 274 426 307 Παῦλος
440 277 516 303 τοῦτο
528 274 640 303 δέδοικεν
655 277 668 303 ὁ
679 274 814 307 τοσούτους
827 275 865 303 δι-

100 321 192 357 δάξας,
209 320 253 349 καὶ
267 320 366 348 δέδοικε
379 320 445 358 μετὰ
460 320 488 348 τὸ
503 321 614 359 κηρῦξαι
628 320 672 349 καὶ
684 320 803 359 γενέσθαι
819 321 864 360 ἅγ-

52 394 55 397 ,
97 369 186 405 γελος,
201 367 244 395 καὶ
258 369 304 401 τῆς
319 366 472 404 οἰκουμένης
482 366 529 401 τὴν
540 367 703 406 προστασίαν
717 366 865 402 αδέξασθαι,

98 412 124 441 τί
141 412 170 441 ἂν
185 412 302 451 εἴποιμεν
318 414 412 450 ἧμεῖς;
433 412 478 448 Μὴ
503 412 554 451 γὰρ
577 412 608 448 δὴ
626 412 763 451 νομίσητε,
778 413 866 453 φησὶν,

98 458 188 494 ἐπειδὴ
206 458 390 494 ἐπιστεύσατε,
417 458 456 486 ὅτι
479 461 554 498 ἀρκεῖ
573 463 648 488 τοῦτο
671 461 708 492 εἷς
734 459 865 499 σωτηρίαν

99 507 169 543 ὑμῖν.
187 506 220 533 Ei
233 504 284 544 γὰρ
297 504 355 543 ἐμοὶ
369 505 398 533 τὸ
411 504 536 544 κηρῦξαι,
546 505 576 534 τὸ
590 505 706 542 διδάξαι,
718 506 747 535 τὸ
762 506 867 546 μυρίους

98 555 275 591 προσαγαγεῖν
291 552 337 580 οὐκ
354 552 429 590 ἀρκεῖ
451 552 488 584 εἷς
513 551 655 590 σωτηρίαν,
671 554 692 580 εἰ
709 552 745 590 μὴ
769 553 814 581 καὶ
834 552 867 582 τὰ

99 596 158 626 κατ’
175 597 288 635 ἐμαυτὸν
314 597 502 636 παρασχοίμην
525 598 646 635 ἅληπτα,
661 600 750 638 πολλῷ
769 600 867 638 μᾶλλον

98 646 168 682 ὑμῖν.
184 639 250 672 Ιίῗτα
261 644 299 683 ἐφ’
311 643 388 683 ἕτερα
403 644 583 683 ὑποδείγματα
594 645 699 684 ἔρχεται
714 645 792 674 πάλιν
802 657 808 662 ·
824 645 868 674 καὶ

98 689 188 728 ὥσπερ
202 690 325 729 ἀνωτέρω
336 689 370 718 τὰ
385 692 435 718 τῶν
452 691 603 719 ἀποστόλων
618 692 662 720 καὶ
674 691 707 720 τὰ
721 694 768 727 τῆς
781 694 868 727 κοινῆς

100 736 235 772 συνηθείας
249 737 294 765 καὶ
305 735 338 764 τὰ
353 739 404 765 τῶν
421 737 510 776 ἱερέων
528 738 618 767 καὶτὰ
633 740 724 767 ἑαυτοῦ
739 738 851 768 τέθεικεν
861 750 867 756 ·

99 783 167 811 οὕτω
182 783 227 811 καὶ
241 785 352 812 ἐνταῦθα
367 782 400 811 τὰ
414 786 465 812 τῶν
477 784 669 823 Ὀλυμπιακῶν
683 784 800 824 ἀγώνων.
816 785 869 814 Καὶ

97 830 131 859 τὰ
145 832 208 872 παρ’
221 833 313 862 ἑαυτοῦ
329 830 388 869 θεὶς,
403 831 483 860 πάλιν
497 832 540 860 ἐπὶ
554 831 600 865 τὰς
610 833 656 866 τῆς
667 832 789 864 Παλαιᾶς
802 832 870 872 πρό-

100 890 164 908 εισιν
178 878 302 918 ἱστορίας.
318 879 370 907 Καὶ
385 879 474 914 ἐπειδὴ
487 879 576 917 μέλλει
586 879 774 918 φορτικώτερον
785 884 868 908 ποιεῖν

99 925 142 954 τὸν
161 925 246 964 λόγον,
265 925 353 961 κοινὴν
373 929 485 954 ποιεῖται
507 924 555 959 τὴν
585 924 751 964 παραίνεσιν,
773 925 817 954 καὶ
840 927 868 954 οὐ

99 971 159 1010 περὶ
173 973 224 999 τῶν
235 970 414 1010 προκειμένων
428 971 515 1008 μόνον,
530 971 598 999 ἀλλὰ
619 971 663 999 καὶ
681 971 742 1010 περὶ
762 971 867 1001 πάντων

99 1018 190 1050 ἁπλῶς
214 1019 266 1045 τῶν
296 1017 368 1055 παρὰ
392 1016 537 1056 Κορινθίοις
565 1017 721 1055 νοσημάτων
751 1018 867 1057 διαλέγε-

98 1076 151 1092 ται.
174 1063 226 1092 Καὶ
253 1063 295 1092 ἐπὶ
311 1063 358 1101 μὲν
381 1066 432 1092 τῶν
449 1063 540 1096 ἔξωθεν
567 1063 684 1102 ἀγώνων,
713 1065 772 1093 Οὐκ
796 1064 870 1093 οἴδα-

97 1122 142 1145 τε,
162 1110 254 1149 φησίν·
270 1112 381 1139 ἐνταῦθα
406 1110 448 1146 δὲ,
468 1112 508 1139 Οὐ
535 1109 600 1139 θέλω
623 1109 649 1138 δὲ
664 1113 731 1148 ὑμᾶς
757 1113 868 1150 ἀγνοεῖν,

98 1156 214 1195 ἀδελφοί.
229 1157 315 1186 Τοῦτο
329 1157 356 1185 δὲ
369 1157 441 1195 ἔλεγε
453 1179 460 1192 ,
478 1155 578 1189 δεικνὺς
589 1156 629 1185 ὅτι
642 1158 670 1185 οὖ
684 1157 783 1196 σφόδρα
800 1153 867 1193 ἦσαν

97 1206 181 1232 ταῦτα
204 1203 417 1241 πεπαιδευμένοι.
439 1203 492 1232 Καὶ
507 1203 532 1231 τί
546 1202 622 1232 τοῦτο’
645 1204 724 1239 ἐστιν,
749 1203 813 1242 ὅπερ
838 1205 866 1232 οὐ

99 1249 181 1283 θέλεις
194 1253 265 1287 ἡμᾶς
279 1252 395 1289 ἀγνοεῖν;
411 1249 476 1279 ζὈτι
488 1251 511 1278 οἱ
525 1249 635 1288 πατέρες
656 1251 731 1288 ἡμῶν
754 1249 865 1285 πάντες,

98 1295 186 1335 φησὶν,
202 1296 252 1325 ὑπὸ
267 1295 314 1332 τὴν
329 1297 436 1335 νεφέλην
452 1291 528 1332 ἦσαν,
543 1295 588 1324 καὶ
603 1295 645 1324 διὰ
665 1298 712 1331 τῆς
734 1295 866 1331 θαλάσσης

98 1343 211 1378 διῆλθον,
233 1342 277 1372 καὶ
291 1344 327 1376 εἰς
340 1343 383 1371 τὸν
405 1344 522 1377 Μωῦσῆν
537 1342 713 1371 ἐὸαπτίσαντο
731 1344 756 1371 ἐν
772 1345 805 1381 τῇ
824 1355 868 1372 νε-

98 1389 163 1429 φέλῃ
174 1389 219 1418 καὶ
234 1390 260 1418 ε’ν
276 1392 308 1429 τῇ
328 1389 446 1428 θαλάσση
458 1401 464 1407 ·
481 1389 526 1418 καὶ
539 1389 636 1422 πάντες
648 1389 678 1418 τὸ
694 1389 756 1418 αὐτὸ
771 1391 867 1428 βρῶμα

98 1436 272 1475 πνευματικὸν
289 1435 396 1476 ἔφαγον,
412 1435 457 1464 καὶ
473 1435 503 1464 τὸ
518 1435 579 1465 αὐτὸ
596 1435 671 1474 πόμα
689 1436 866 1474 πνευματικὸν

99 1484 171 1512 ἔπιον
189 1483 294 1519 (ἔπινον
309 1483 359 1522 γὰρ
374 1485 403 1512 ἐκ
417 1485 595 1521 πνευματικῆς
614 1483 803 1518 ἀκολουθούσης
817 1483 866 1512 πέ-

99 1542 162 1569 τρας
174 1541 180 1547 ·
195 1532 212 1564 ἦ
226 1529 252 1558 δὲ
277 1529 362 1569 πέτρα
382 1525 414 1565 ἦν
429 1531 442 1558 ὁ
454 1529 594 1569 Χριστός)·
625 1530 682 1557 ἀλλ’
710 1530 756 1558 οὖκ
773 1530 799 1557 ἓν
814 1534 867 1562 τοῖς

99 1575 216 1605 πλείοσιν
239 1577 322 1604 αὐτῶν
337 1575 481 1611 ηὐδόκησεν
496 1578 509 1604 ὁ
523 1575 598 1608 Θεός.
616 1575 668 1604 Καὶ
684 1575 752 1607 τίνος
771 1575 866 1612 ἕνεκεν,

99 1622 182 1661 φησὶ,
197 1624 281 1650 ταῦτα
302 1621 385 1660 λέγεις
401 1621 460 1650 Ἵνα
480 1621 565 1660 δείξῃ,
586 1622 625 1650 ὅτι
642 1621 732 1661 ὥσπερ
756 1621 867 1654 ἐκείνους

99 1671 144 1698 οὐκ
171 1669 257 1704 ὤνησε
281 1668 311 1697 τὸ
332 1668 459 1703 τοσαύτης
480 1669 628 1697 ἀπολαῦσαι
649 1668 763 1706 δωρεᾶς,
788 1667 868 1701 οὕτως

98 1720 109 1731 ³¹
119 1715 175 1744 οὐδὲ
186 1716 291 1749 τούτους
304 1715 334 1744 τὸ
350 1714 531 1754 βαπτίσματος
542 1718 629 1753 τυχεῖν
650 1714 695 1742 καὶ
716 1714 866 1753 μυστηρίων

99 1764 283 1800 πνευματικῶν
307 1763 473 1795 ἀπολαῦσαι,
491 1762 513 1789 εἰ
533 1760 569 1799 μὴ
589 1760 706 1798 μέλλοιεν
731 1759 800 1793 ἄξιον
821 1763 868 1795 τῆς

99 1808 205 1847 χάριτος
218 1807 411 1836 ἐπιδείκνυσθαι
427 1807 491 1846 βίον.
509 1807 556 1836 Διὸ
570 1806 614 1834 καὶ
633 1805 692 1838 τοὺς
711 1809 756 1835 τοῦ
774 1806 867 1845 βαπτί-

98 1865 197 1892 σματος
206 1877 213 1890 ,
227 1854 272 1883 καὶ
286 1853 345 1886 τοὺς
355 1856 406 1883 τῶν
420 1853 570 1893 μυστηρίων
584 1853 696 1893 παράγει
710 1852 816 1886 τύπους.
832 1852 868 1882 Τί

99 1900 127 1929 δέ
147 1902 227 1937 ἐστιν,
252 1902 298 1933 Εἷς
319 1901 362 1930 τὸν
380 1902 496 1935 Μωῦσ-ῆν
520 1899 712 1935 ἐὸαπτίσαντο;
740 1899 867 1938 Καθάπερ

99 1949 175 1984 ἡμεῖς
187 1949 225 1987 τῷ
240 1948 347 1986 Χριστῷ
361 1945 547 1979 πιστεύσαντες
561 1946 605 1975 καὶ
619 1948 652 1986 τῇ
668 1945 810 1975 ἀναστάσει
821 1947 867 1974 αὖ-

99 1995 163 2030 τοῦ,
181 1993 374 2032 βαπτιζόμεθα,
388 1994 422 2026 ὡς
441 1993 485 2022 καὶ
505 1993 578 2022 αὐτοὶ
591 1994 642 2021 τῶν
664 1994 749 2022 αὐτῶν
765 2004 867 2030 μυστη-

104 2038 165 2077 ρίων
175 2039 388 2075 κοινωνήσοντες·
405 2039 585 2078 βαπτιζόμεθα
604 2038 669 2078 γὰρ,
687 2038 777 2078 φησὶν,
799 2039 866 2079 ὑπὲρ

101 2087 152 2113 τῶν
161 2088 272 2126 νεκρῶν,
284 2086 419 2121 τουτέστι,
433 2088 485 2114 τῶν
506 2085 636 2124 σωμάτων
649 2088 701 2115 τῶν
716 2085 865 2125 ἡμετέρων·

101 2131 168 2161 οὕτω
188 2134 303 2161 κάκεῖνοι
327 2132 502 2172 θαρρήσαντες
523 2135 561 2172 τῷ
582 2134 706 2169 Μωῦσεῖ,
724 2132 866 2168 τουτέστιν,

102 2179 198 2212 ἰδόντες
223 2179 298 2208 αὐτὸν
319 2179 446 2208 διαὸάντα
468 2181 581 2219 πρῶτον,
602 2180 803 2218 κατετόλμησαν
821 2180 866 2209 καὶ

101 2225 173 2254 αὐτοὶ
193 2227 244 2254 τῶν
259 2225 369 2255 ὑδάτων.
388 2225 455 2254 Ἀλλ’
476 2225 565 2260 ἐπειδὴ
591 2226 711 2264 βούλεται
725 2225 769 2255 τὸν
785 2227 866 2256 τύπον

100 2272 175 2311 ἐγγὺς
195 2275 242 2308 τῆς
264 2272 387 2308 ἀληθείας
408 2274 524 2311 ἀγαγεῖν,
540 2273 567 2302 οὗ
584 2272 655 2311 λέγει
678 2273 775 2310 οὕτως,
797 2273 866 2303 ἀλλὰ

99 2323 152 2352 τοῖς
167 2321 214 2354 τῆς
229 2319 351 2354 ἀληθείας
363 2319 473 2357 ὀνόμασι
488 2318 616 2358 κέχρηται
635 2319 680 2348 καὶ
698 2320 742 2349 ἐπὶ
759 2323 805 2349 τοῦ
819 2319 865 2349 τύ-

99 2377 158 2394 που.
178 2364 191 2379 ¹³
201 2365 254 2394 Καὶ
274 2367 349 2394 τοῦτο
365 2364 411 2403 μὲν
426 2366 471 2393 τοῦ
490 2367 598 2405 λουτροῦ
620 2365 766 2403 σύμθολον·
784 2365 818 2395 τὰ
837 2365 865 2395 δὲ

100 2411 168 2450 μετὰ
181 2414 283 2449 ταῦτα,
300 2414 345 2447 τῆς
367 2413 438 2451 ἱερᾶς
460 2412 599 2451 τραπέζης.
621 2411 748 2451 Καθάπερ
762 2411 813 2452 γὰρ
832 2411 863 2441 σὺ

132 2522 144 2540 «¹
163 2522 284 2553 [ὗέξααθκι
302 2523 328 2545 Α.
344 2523 369 2546 lt.
391 2524 537 2552 imfieiss‘m'tzc
557 2522 632 2547 Ediii.
647 2523 705 2547 Mox
726 2522 799 2547 iidem
822 2535 854 2554 μη

101 2573 141 2595 γης
156 2564 181 2589 δή
195 2570 239 2593 pro
252 2566 284 2591 μὴ
298 2562 362 2593 7550]

874 161 949 183 COR.
980 160 1096 183 IIOMIL.
1127 161 1221 183 xxm.

1593 152 1659 197 237

919 227 971 263 bre,
988 238 1038 256 non
1053 227 1210 256 adversarii.
1236 228 1281 256 Ne
1295 227 1372 265 sorte
1386 237 1453 256 eum
1472 227 1541 256 aliis
1552 228 1663 267 praedi-

918 284 1033 307 cavero,
1048 276 1108 313 ipse
1131 274 1268 312 reprobus
1293 273 1419 313 efficiar.
1440 273 1470 302 Si
1484 283 1548 302 vero
1562 274 1662 303 Paulus

919 320 970 349 hoc
979 320 1070 349 timuit
1083 320 1130 358 qui
1146 326 1184 348 tot
1197 319 1317 348 homiues
1327 319 1435 357 docuit3
1450 326 1476 348 et
1487 319 1577 349 timuit
1588 327 1662 360 post-

919 377 1000 405 quam
1014 366 1172 406 praedieavit
1188 373 1213 395 et
1229 367 1314 395 factus
1332 372 1371 394 est
1394 366 1513 404 angelus,
1528 366 1663 405 totiusque

919 414 992 443 orbis
1013 413 1192 454 patrocinium
1206 413 1332 453 suscepit,
1346 412 1413 452 quid
1426 423 1474 442 nos
1487 413 1637 443 dixerimus
1648 414 1662 443 Ξ)

920 461 960 490 Ne
978 461 1077 501 putetis
1109 461 1191 496 enim,
1215 460 1314 499 inquit,
1343 460 1406 499 quia
1424 459 1587 496 credidistis,
1611 461 1663 490 hoc

921 508 998 536 vobis
1010 508 1132 537 sufficere
1155 507 1190 536 ad
1206 508 1327 536 salutem.
1342 506 1371 536 Si
1386 506 1457 535 enim
1483 506 1550 535 mihi
1564 506 1663 546 praedi-

884 556 903 579 D
921 565 1004 592 casse,
1018 555 1152 591 docuisse,
1175 554 1329 583 innumeros
1353 553 1501 582 adduxisse
1523 563 1576 582 non
1599 554 1663 582 satis

921 609 960 631 est
984 602 1017 630 ad
1037 602 1160 639 salutem,
1174 601 1225 630 nisi
1238 612 1268 630 ea
1290 611 1349 639 quae
1366 610 1409 629 me
1429 606 1548 640 spectant
1572 600 1664 629 incul—

922 655 984 688 pata
1006 649 1139 688 proferam
1152 660 1160 686 5
1174 647 1260 677 multo
1283 646 1368 686 magis
1397 645 1484 675 vobis.
1505 645 1608 675 Deinde
1630 645 1665 674 ad

921 695 973 724 alia
1001 694 1122 734 exempla
1140 693 1310 734 progreditur
1326 705 1333 730 ;
1347 699 1373 721 et
1386 698 1416 721 ut
1443 698 1519 720 antea
1543 691 1666 731 exempla

922 741 1012 781 posuit
1026 741 1219 780 apostolorum,
1234 738 1383 769 eommunis
1403 737 1610 773 consuetudinis,
1625 749 1665 767 sa-

923 787 1073 825 cerdotum,
1091 794 1116 816 et
1131 797 1177 816 sua
1190 796 1310 825 quoque:
1332 785 1370 814 sic
1381 791 1407 813 et
1421 795 1493 814 nunc
1508 784 1665 824 Olympico-

923 845 983 862 rum
996 833 1180 862 certaminum.
1197 832 1231 861 Et
1243 839 1384 872 postquam
1399 841 1447 859 sua
1459 830 1560 870 posuit,
1572 841 1666 859 rursus

923 880 957 908 ad
977 880 1099 918 antiquas
1121 879 1208 918 pergit
1223 878 1358 907 historias.
1366 876 1402 905 Et
1419 877 1482 915 quia
1496 876 1616 916 asperius
1626 876 1666 905 lo-

923 933 1056 964 quuturus
1067 932 1116 962 cst,
1128 935 1297 953 communem
1308 923 1371 952 facit
1384 922 1605 960 admonitionem,
1621 933 1667 951 ne-

927 983 962 1010 qu
996 972 1031 1000 de
1051 971 1197 1011 propositis
1213 977 1328 1005 tantum,
1345 969 1393 998 sed
1405 970 1486 998 etiam
1496 968 1530 997 de
1542 968 1667 998 omnibus

924 1018 1126 1047 Corinthiorum
1145 1015 1354 1056 aegritudinibus
1380 1015 1462 1044 verba
1480 1015 1552 1043 facit.
1578 1014 1614 1043 Et
1633 1014 1668 1043 de

923 1065 1041 1093 externis
1056 1063 1258 1099 certaminibus,
1273 1063 1412 1097 Nescitis,
1437 1061 1541 1099 iuquit;
1555 1061 1600 1089 hic
1613 1071 1666 1090 au-

923 1118 986 1147 tem,
1003 1113 1032 1139 1.
1047 1111 1124 1140 Nolo
1136 1116 1234 1138 autem
1249 1119 1304 1137 vos
1318 1107 1594 1147 ignorare,fratres.
1609 1107 1667 1136 Hoc
1678 1112 1732 1134 Car.
1748 1112 1779 1134 X.

885 1163 903 1185 E
922 1164 1011 1186 autem
1023 1157 1138 1193 dicebat,
1154 1155 1295 1185 ostendens
1305 1155 1377 1194 ipsos
1395 1153 1445 1182 hac
1456 1153 1490 1182 de
1504 1164 1532 1182 re
1546 1164 1598 1182 non
1611 1164 1667 1183 esse

921 1204 1067 1234 admodum
1083 1203 1213 1232 eruditos.
1229 1201 1265 1231 Et
1279 1200 1347 1240 quid
1364 1207 1403 1230 est
1426 1199 1505 1235 illud,
1523 1199 1597 1239 quod
1614 1210 1666 1230 non

922 1251 963 1280 vis
985 1262 1033 1280 nos
1058 1250 1204 1289 ignorare?
1223 1249 1307 1287 Quod
1327 1254 1425 1287 patres
1445 1248 1535 1276 nostri
1554 1257 1663 1284 omnes,

922 1297 1018 1336 inquit,
1033 1299 1085 1326 sub
1102 1297 1178 1326 nube
1191 1296 1332 1336 suerunt,
1345 1301 1372 1323 et
1381 1305 1433 1333 per
1446 1304 1526 1322 mare
1548 1295 1668 1322 transie-

921 1351 1009 1373 runt.-
1024 1347 1050 1374 2.
1074 1350 1102 1372 et
1123 1344 1152 1372 in
1168 1344 1276 1380 IIonse
1299 1342 1441 1381 baptizati
1455 1342 1567 1369 suntin
1593 1341 1668 1368 nube

921 1396 949 1418 et
968 1392 999 1418 in
1016 1391 1092 1418 mari
1105 1401 1113 1416 :
1127 1389 1156 1417 5.
1178 1394 1206 1417 et
1221 1397 1319 1416 omnes
1343 1386 1476 1415 eamdem
1496 1396 1592 1415 escam
1609 1387 1667 1425 spi-

922 1437 1058 1466 ritualem
1074 1436 1339 1470 manducaverunt,
1349 1434 1377 1462 4.
1388 1439 1415 1461 et
1422 1433 1554 1462 eumdem
1565 1439 1667 1472 potum

921 1483 1104 1523 spiritualem
1122 1483 1257 1510 biberunt
1271 1481 1427 1516 (bibebant
1440 1481 1516 1508 enim
1533 1479 1568 1508 de
1584 1479 1666 1518 spiri-

922 1531 998 1559 tuali
1012 1535 1207 1569 consequente
1218 1537 1266 1556 eos
1278 1533 1363 1566 petra
1377 1538 1386 1553 .-
1398 1532 1484 1565 petra
1498 1532 1595 1554 ctl‘tem
1604 1531 1666 1554 erat

923 1579 1055 1606 Christus
1057 1579 1096 1614 ):
1115 1576 1141 1604 5.
1164 1575 1216 1604 sed
1234 1584 1293 1602 non
1304 1573 1435 1612 pluribus
1457 1582 1554 1600 eorum
1581 1573 1667 1601 bene-

920 1625 1063 1663 placitum
1076 1629 1118 1651 est
1131 1623 1205 1651 Deo.
1215 1620 1252 1649 Et
1262 1631 1315 1659 qua
1329 1619 1363 1648 de
1376 1630 1465 1655 causa,
1480 1618 1594 1657 inquies,
1608 1618 1667 1647 haec

876 1694 912 1713 203
921 1669 987 1698 dicit
1001 1669 1014 1698 ἶ)
1032 1669 1069 1698 Ut
1084 1666 1215 1703 ostendat,
1233 1665 1306 1705 quod
1320 1665 1389 1694 sicut
1409 1664 1463 1693 illis
1484 1675 1536 1693 non
1551 1664 1663 1703 profuit,

885 1723 904 1744 Α
923 1716 996 1755 quod
1018 1723 1121 1745 tantum
1148 1714 1297 1754 acceperint
1319 1712 1440 1750 donum;
1464 1712 1500 1741 ita
1527 1722 1612 1750 neque
1632 1712 1665 1741 iis

921 1761 1130 1803 proderi1‚quod
1141 1761 1274 1800 baptisma
1283 1759 1432 1799 acceperint
1444 1765 1469 1787 et
1477 1758 1662 1798 spiritualium

922 1809 1113 1850 mysteriorum
1128 1814 1261 1836 consortes
1274 1806 1384 1841 fuerint,
1407 1805 1460 1834 nisi
1481 1805 1566 1835 vitam
1593 1812 1665 1835 tanta

923 1856 1009 1896 gratia
1029 1855 1140 1895 diguam
1165 1854 1327 1883 exhibeant:
1343 1852 1456 1891 ideoque
1479 1851 1589 1881 adducit
1615 1852 1664 1882 ba-

921 1903 1056 1944 ptismatis
1071 1909 1096 1932 ct
1119 1901 1307 1942 mysteriorum
1326 1907 1414 1940 typos·
1436 1899 1511 1935 Quid
1533 1899 1586 1928 sibi
1607 1900 1667 1928 vult

920 1949 1005 1986 illud,
1021 1950 1058 1977 In
1075 1949 1183 1984 Moyse
1202 1947 1344 1985 baptizati
1368 1950 1435 1974 sunt
1447 1947 1460 1973 Ρ
1485 1943 1667 1980 Quemadmo-

920 1996 987 2025 dum
1008 2005 1056 2024 nos
1070 1993 1176 2023 Christo
1191 1992 1327 2021 eredentes
1343 1997 1368 2020 et
1383 1991 1440 2030 ejus
1461 1990 1665 2028 resurrectioni,

920 2041 1103 2082 baptizamur,
1118 2047 1147 2069 ut
1166 2039 1214 2078 qui
1233 2046 1259 2068 et
1272 2038 1324 2078 ipsi
1345 2036 1537 2078 mysteriorum
1557 2036 1665 2077 partici-

921 2100 968 2130 pes
988 2087 1074 2117 suturi
1089 2086 1191 2125 simus,
1210 2085 1384 2125 Baptizamur
1403 2084 1484 2119 enim,
1498 2084 1597 2122 inquit,
1614 2093 1663 2123 pro
1675 2093 1695 2109 1.
1712 2091 1762 2112 cor.
1778 2088 1814 2111 ιδ.

920 2134 1033 2165 mortuis
1041 2146 1048 2172 5
1058 2133 1086 2162 id
1093 2140 1141 2171 est,
1150 2132 1305 2172 corporibus
1314 2132 1424 2160 nostris:
1434 2131 1470 2160 ita
1477 2137 1502 2159 et
1512 2131 1563 2166 illi,
1573 2130 1663 2170 Moysi
1672 2126 1711 2150 ²9·

920 2182 1032 2211 fidentes
1043 2203 1051 2217 ,
1066 2179 1094 2208 id
1108 2185 1161 2215 cst,
1174 2177 1294 2207 videntes
1306 2177 1384 2206 illum
1394 2176 1513 2216 primum
1528 2176 1664 2215 trajicien-

884 2237 901 2260 B
919 2237 973 2259 tem
981 2252 990 2265 ,
1004 2227 1062 2257 ausi
1074 2232 1170 2255 suntet
1180 2225 1231 2265 ipsi
1242 2223 1383 2263 quoquein
1395 2234 1478 2262 aquas
1486 2223 1599 2262 ingredi.
1611 2223 1665 2252 Sed

919 2276 981 2315 quia
989 2275 1047 2305 vult
1055 2273 1169 2312 figuram
1176 2281 1260 2311 prope
1266 2270 1404 2300 veritatem
1413 2268 1557 2307 adducere,
1566 2279 1618 2298 non
1627 2269 1664 2299 ita

919 2322 994 2359 dicit,
1011 2320 1058 2349 scd
1072 2317 1193 2349 veritatis
1210 2316 1362 2345 nominibus
1376 2315 1456 2344 etiam
1475 2315 1503 2344 in
1522 2321 1587 2355 typo
1599 2326 1664 2346 usus

918 2375 966 2398 est.
983 2367 1019 2396 Et
1037 2367 1088 2395 hoc
1105 2364 1213 2404 quidem
1238 2369 1276 2391 est
1289 2362 1444 2402 symbolum
1460 2361 1559 2391 lavacri
1574 2373 1582 2399 3
1603 2373 1663 2401 quae

918 2420 1066 2454 sequuntur
1093 2418 1192 2446 autem,
1208 2420 1288 2439 sacia:
1304 2419 1409 2437 mensae.
1423 2409 1462 2437 Ut
1475 2408 1546 2437 enim
1558 2415 1587 2438 tu
1601 2420 1662 2439 cor-

937 2528 946 2538 n
964 2520 969 2551 l
986 2522 1013 2543 A*
1034 2519 1080 2543 ουδὲ
1093 2518 1216 2542 murrum...
1229 2516 1354 2538 ἀπολαῦσαι
1368 2515 1539 2545 προστήσεται]

939 2561 948 2577 1*
967 2559 1006 2590 [Α
1032 2560 1090 2583 «HM
1103 2560 1167 2581 τοῦτο
1181 2554 1244 2585 μὲν]
