1891 2866
81 2202 218 2230 2.T1m*4.5.

78 2234 146 2254 Ram.
171 2241 176 2254 ι
186 2241 204 2254 1.

80 2265 107 2285 13

78 2296 174 2316 2.1'im.
191 2302 209 2316 1.

80 2383 134 2404 Gal.
149 2390 170 2405 2.
184 2383 206 2406 8.

235 172 301 207 306
593 188 621 211 s.
650 189 787 212 somnis
813 190 992 213 cunxsosr.

233 258 266 275 cx
283 247 398 277 secundo
411 248 496 287 signo,
512 248 620 278 demum
636 249 670 279 de
692 251 829 280 miraculis
848 251 954 280 disserit
961 263 969 289 ;

234 304 281 322 nce
295 293 351 322 sine
365 305 442 323 causa
452 294 547 324 adhoc
560 304 747 335 argumentum
763 298 866 335 transit,
880 298 927 326 sed
941 304 970 326 ut

233 341 423 371 dissensionem
437 342 499 371 inde
515 344 652 373 subortam
671 340 760 378 tollat,
771 353 795 374 et
815 345 970 385 persuadeat

233 388 266 416 iis
276 389 321 426 qui
335 389 421 418 minus
432 389 539 424 liabent,
554 401 585 418 ne
597 390 713 427 doleant,
730 392 794 420 otiis
808 392 853 430 qui
871 393 970 431 majora

233 434 376 474 possident,
396 446 428 463 ne
442 436 591 464 efferantur.
608 437 671 465 Ideo
683 437 720 465 sic.
734 438 844 476 incepit:
860 439 889 466 4.
913 439 970 466 Di—

236 483 356 509 visiones
368 492 438 510 ‘vero
451 485 614 521 gratiarum
630 491 707 520 sunt,
718 485 792 512 idem
805 491 900 513 utitem
910 486 970 523 Spi-

234 529 323 560 ritus;
337 527 475 566 primoqu(=
487 536 561 557 curat
576 529 652 557 illum
668 530 713 567 qui
726 530 813 558 minus
830 531 908 558 habet
922 530 970 558 do-

235 584 314 609 num,
330 574 440 613 ideoque
460 575 539 604 dolet.
553 576 607 604 Cur
621 577 690 605 enim
703 599 710 613 ,
725 577 811 615 inquit
821 599 829 613 ,
845 577 970 615 angeris?

236 620 298 657 quia
311 630 361 648 non
374 627 475 648 tantum
491 621 613 660 accepisti
625 628 753 659 quantum
767 622 835 650 alius
846 623 858 650 ἶ)
868 622 913 650 sed
926 633 970 651 co-

980 653 1016 671 252

1021 191 1162 214 alzeium>
1168 206 1176 214 .
1204 192 1265 214 (3οΝ
1272 190 1455 214 ΞΤΛΝΓΙΝΟΙ)
1462 205 1469 213 .

1023 256 1067 282 τοῦ
1081 253 1206 291 προτέρου
1222 252 1267 281 καὶ
1281 256 1326 282 τοῦ
1340 252 1457 292 δευτέρου
1477 251 1583 290 σημείου
1593 274 1601 288 ,
1621 251 1710 280 λοιπὸν
1726 250 1785 289 περὶ

1023 301 1074 327 τῶν
1090 299 1228 336 θαυμάτων
1244 299 1402 337 διαλέγεται,
1414 300 1463 338 οὐχ
1481 299 1570 330 ἁπλῶς
1585 299 1619 330 εἷς
1632 300 1722 326 τοῦτον
1733 309 1786 326 πα-

1026 344 1121 384 ρελθὼν
1135 344 1177 372 τὸν
1195 344 1269 383 λόγον
1279 366 1286 380 ,
1303 345 1360 372 ἀλλ’
1376 344 1443 373 ὥστε
1458 344 1504 380 τὴν
1519 345 1632 373 ἐντεῦθεν
1647 343 1787 382 γενομένην

1025 390 1159 419 διάστασιν
1180 391 1294 426 ἀνελεῖν,
1312 391 1357 419 καὶ
1378 395 1467 419 πεῖσαι
1485 390 1529 419 καὶ
1550 389 1608 422 τοὺς
1627 389 1657 418 τὸ
1679 389 1787 417 ἔλαττον

1024 437 1130 475 ἔχοντας
1146 436 1182 474 μὴ
1198 438 1299 476 ἀλγεῖν,
1315 437 1359 465 καὶ
1375 436 1433 470 τοὺς
1447 437 1480 465 τὰ
1497 437 1600 475 μείζονα
1614 435 1788 474 κεκτημένους

1025 482 1061 521 μὴ
1075 482 1235 522 ἐπαίρεσθαι.
1252 484 1299 512 Διὸ
1313 484 1357 512 καὶ
1370 483 1451 516 οὕτως
1466 483 1561 523 ἤρξατο
1572 494 1578 500 ·
1594 482 1740 521 Διαιρέσεις
1761 481 1788 510 δὲ

1023 529 1193 568 χαρισμάτων
1218 529 1282 567 εἰσὶ,
1303 530 1332 558 τὸ
1352 529 1378 558 δὲ
1402 530 1464 558 αὐτὸ
1483 530 1608 567 Πνεῦμα·
1625 528 1685 556 cml
1711 531 1789 567 θερα-

1023 575 1096 604 πεύει
1107 577 1209 615 πρῶτον
1224 576 1266 605 τὸν
1278 576 1306 604 τὸ
1321 575 1426 605 ἔλαττον
1441 576 1534 614 ἔχοντα
1549 575 1677 614 χάρισμα,
1688 574 1733 603 καὶ
1745 573 1787 602 διὰ

1024 624 1100 650 τοῦτο
1119 623 1255 660 ἀλγοῦντα.
1270 622 1347 654 Τίνος
1366 622 1417 662 γὰρ
1433 622 1517 650 ἕνεκεν
1527 644 1535 657 ,
1556 621 1632 661 φησὶν
1643 643 1650 655 ,
1665 623 1787 658 ἀθυμεῖς;

236 666 291 704 gita
306 666 373 695 illud
386 678 440 695 esse
454 667 569 699 donum,
586 678 637 695 non
651 668 771 696 debitum
781 691 788 703 ,
804 675 828 696 et
853 669 970 697 consola·
989 681 1008 703 Α
1025 668 1065 696 ὅτι
1079 669 1124 696 οὐκ
1134 667 1225 700 ἔλαὸες
1237 667 1294 696 ὅσον
1305 668 1405 707 ἕτερος,
1415 669 1471 697 ἀλλ’
1487 668 1604 703 ἐννόησον
1617 667 1655 695 ὅτι
1667 667 1789 706 χάρισμά

235 712 333 740 tionem
349 713 471 752 accipies.
488 714 551 741 Ideo
570 713 658 741 statim
676 714 714 742 sic
737 715 972 752 loquitur:Dit¹i-

235 760 328 786 §iones
343 769 413 786 vero
426 761 587 796 gratiarum
603 766 678 787 sunt.
691 760 782 797 Neque
796 760 866 788 dixit
882 761 971 800 signo-

236 814 306 835 rum,
321 814 404 841 neque
423 804 611 832 miraculorum
622 827 630 841 ,
647 804 702 841 sed,
719 805 904 843 Gratiarum3
923 817 971 835 no-

234 849 305 876 mine
318 849 380 876 doni
398 849 557 887 persuadens
577 850 617 878 illi
641 857 669 878 ut
690 861 742 879 non
757 851 837 879 modo
849 862 900 880 non
918 852 971 881 do-

234 894 297 931 leat,
317 895 361 923 scd
378 902 403 924 et
418 896 530 934 gratiam
547 896 651 925 habeat.
669 897 774 925 Etcum
789 898 850 933 hoc,
873 898 970 937 inquit,

234 941 302 970 illud
315 953 418 980 quoque
434 949 520 971 tecum
533 950 639 982 reputa,
658 944 729 982 quod
740 944 840 973 etiamsi
855 945 882 973 in
897 956 970 974 men-

234 999 294 1016 sura
306 988 368 1016 doni
389 989 477 1017 minus
490 989 588 1017 habeas
601 1001 608 1025 ;
621 989 647 1018 in
659 1000 688 1018 eo
705 989 775 1028 quod
788 990 914 1029 dignatus
934 992 969 1021 sis

232 1034 294 1063 ind(-
304 1035 429 1074 accipere,
437 1035 507 1064 unde
518 1036 540 1064 is
549 1036 649 1075 accepit
659 1036 704 1074 qui
713 1036 774 1075 plus
780 1036 871 1073 habet,
878 1049 968 1077 parem

231 1081 312 1109 habes
326 1081 462 1109 honorem.
475 1083 565 1120 Neque
579 1082 649 1110 enim
663 1082 751 1110 dicere
761 1082 854 1122 possis,
864 1083 969 1123 illiSpi-

231 1127 312 1155 ritum
332 1128 504 1161 dedissc,1ibi
519 1139 580 1157 vero
603 1128 745 1167 angelum:
762 1139 822 1157 nam
839 1136 864 1157 et
880 1130 928 1158 tibi
944 1138 968 1159 et

231 1173 271 1201 illi
293 1174 410 1212 Spiritus
427 1173 510 1202 dedit.
528 1173 588 1202 Ideo
602 1174 752 1213 subjunxit,
767 1175 848 1202 Idem
871 1183 966 1205 autem

230 1220 362 1258 Spiritus.

270 1267 299 1293 5.
317 1266 409 1304 Itaque
423 1266 526 1295 etiamsi
539 1267 565 1295 in
578 1266 647 1295 dono
662 1266 811 1295 differentia
820 1266 865 1303 sit,
874 1273 900 1294 at
915 1276 967 1294 non

231 1311 257 1340 in
279 1322 308 1339 eo
323 1312 368 1350 qui
382 1312 511 1341 dedith
524 1312 616 1340 eodem
630 1323 743 1351 namque
764 1313 834 1340 fonte
852 1319 876 1340 et
895 1319 924 1340 tu
943 1319 967 1340 et

230 1359 276 1387 ille
296 1359 429 1389 hausistis
441 1361 468 1388 5.
482 1361 522 1388 Et
541 1361 696 1388 divisiones
721 1362 967 1388 ministrationum

229 1412 307 1443 sunt,
318 1406 392 1433 idern
408 1412 504 1434 autem
519 1407 671 1434 Dominus.
685 1406 753 1434 Nam
765 1405 967 1434 consolationem

229 1451 319 1479 adhuc
328 1451 431 1491 placide
442 1463 554 1491 augens,
563 1460 588 1481 ct
599 1453 700 1480 Filium
712 1459 736 1480 et
748 1452 852 1480 Patrem
864 1452 965 1491 adjicit.

230 1497 266 1525 Et
279 1497 331 1525 alio
352 1508 443 1526 rursus
458 1499 564 1526 nomine
576 1498 632 1526 haec
647 1497 715 1526 dona
731 1505 823 1534 vocat,
841 1498 968 1536 majorem

229 1543 308 1572 ctiam
336 1544 397 1572 inde
416 1544 568 1582 excogitans
590 1544 814 1572 consolationem:
828 1554 908 1582 quare
930 1544 968 1572 sic

228 1588 304 1625 dicit,
324 1591 489 1619 Divisiones
515 1591 760 1618 ministrationum
786 1596 864 1627 sunt,
890 1591 968 1618 idem

1026 716 1081 743 ε’στι
1092 737 1099 751 ,
1111 714 1156 743 καὶ
1172 716 1216 743 οὐκ
1234 714 1338 754 ὀφειλὴ,
1358 714 1403 743 καὶ
1424 714 1602 753 παραμυθῆσῃ
1618 713 1665 749 τὴν
1687 713 1788 748 ὀδύνην.

1026 760 1076 789 Διὰ
1093 764 1167 790 τοῦτο
1190 760 1282 793 εὐθέως
1299 756 1368 789 εἶπεν
1386 760 1453 789 οὕτω
1465 772 1470 778 ·
1491 759 1637 799 Διαιρέσεις
1659 759 1685 787 δὲ
1709 771 1787 798 χαρι-

1026 807 1131 844 σμάτων
1148 806 1205 835 εἶσί.
1218 806 1270 835 Καὶ
1285 808 1330 835 οὐκ
1344 802 1413 842 εἶπε,
1431 806 1547 844 σημείων
1565 805 1620 834 οὐδὲ
1634 805 1788 843 θαυμάτων,

1026 852 1108 888 ἀλλὰ,
1124 852 1317 892 Χαρισμοίτων,
1328 854 1366 891 τῷ
1380 852 1488 890 ὀνόματι
1501 854 1547 887 τῆς
1559 852 1656 891 δωρεᾶς
1672 855 1683 867 ³
1693 850 1788 880 πείθων

1026 898 1062 937 μὴ
1085 898 1222 937 μόνον’μὴ
1246 900 1346 936 ἀλγεῖν,
1362 898 1429 927 ἀλλὰ
1451 898 1496 927 καὶ
1517 898 1594 937 χάριν
1610 897 1714 927 εἰδέναι.
1737 897 1788 926 Καὶ

1025 945 1091 983 μετὰ
1109 945 1198 974 τούτου
1219 946 1324 974 κάκεῖνο
1344 943 1460 983 λογίζου,
1478 944 1569 984 φησὶν,
1584 945 1624 973 ὅτι
1643 944 1664 972 εἷ
1686 943 1731 972 καὶ
1750 945 1788 982 τῷ

1025 991 1112 1030 με’τρῳ
1134 991 1284 1026 ἠλάττωσαι
1309 994 1354 1020 τοῦ
1380 990 1510 1025 δοθέντος,
1535 992 1573 1029 τῷ
1595 988 1787 1024 καταξιωθῆναι

1023 1037 1112 1066 λαὸεῖν
1124 1039 1219 1066 ἐκεῖθεν
1228 1060 1237 1071 ,
1251 1037 1307 1066 ὅθεν
1322 1037 1368 1066 καὶ
1384 1039 1397 1065 ὁ
1411 1036 1440 1065 τὸ
1451 1036 1528 1066 πλέον
1542 1036 1645 1072 λαῧὼν,
1661 1035 1709 1070 τὴν
1727 1035 1786 1070 ἴσην

1023 1083 1091 1123 ἔχεις
1102 1084 1188 1122 τιμήν.
1202 1084 1241 1112 Οὐ
1258 1082 1308 1121 γὰρ
1323 1082 1405 1114 δήπου
1417 1082 1486 1122 ἔχοις
1498 1082 1527 1111 ἂν
1540 1084 1631 1117 εἰπεῖν,
1642 1081 1683 1111 ὅτι
1695 1080 1786 1120 ἐκείνῳ

1024 1129 1070 1167 μὲν
1083 1130 1225 1168 ἐχαρίσατο
1239 1129 1268 1158 τὸ
1283 1130 1406 1167 Πνεῦμα,
1427 1128 1466 1157 σοὶ
1487 1128 1513 1157 δὲ
1529 1128 1635 1167 ἄγγελος
1650 1139 1656 1145 ·
1671 1127 1715 1156 καὶ
1733 1127 1784 1166 γὰρ

1054 1175 1060 1185 ἱ
1105 1177 1111 1186 3
1150 1175 1155 1185 i
1229 1175 1235 1184 ἱ
1313 1178 1329 1183 Ν
1427 1174 1434 1183 Ὶ
1465 1176 1472 1185 3
1504 1174 1511 1184 Ι
1641 1173 1647 1182 Ὶ
1677 1172 1700 1189 ἢ).
1745 1174 1753 1184 Ί
1774 1173 1781 1182 x

987 1188 1004 1210 B
1023 1187 1063 1204 σοι
1080 1187 1192 1214 κακεινῳ
1212 1187 1241 1204 το
1260 1176 1377 1213 Πνευμα.
1392 1176 1440 1203 Διο
1461 1185 1593 1212 επηγαγε,
1614 1175 1653 1202 Το
1674 1184 1701 1201 οσ-
1725 1185 1787 1202 αυτο

1024 1223 1139 1260 Πνεῦμα.

1061 1267 1144 1296 εΏστε
1161 1269 1183 1296 εἰ
1199 1267 1243 1296 καὶ
1258 1268 1284 1295 ἐν
1298 1269 1330 1306 τῇ
1349 1266 1417 1295 δόσει
1434 1265 1557 1306 διαφορὰ,
1574 1266 1631 1294 ἀλλ’
1649 1266 1695 1293 οὒκ
1708 1266 1734 1293 ἐν
1749 1266 1788 1304 τῷ

1022 1314 1144 1342 δεδωκότι
1160 1313 1271 1352 διαφορά
1284 1324 1289 1330 ·
1306 1313 1357 1341 ἀπὸ
1373 1312 1423 1352 γὰρ
1437 1315 1483 1347 τ’ἧς
1498 1314 1577 1346 αὐτῆς
1591 1313 1677 1350 πηγῆς
1695 1310 1740 1339 καὶ
1755 1310 1786 1339 σὺ

1022 1359 1139 1392 κὀἷκεῖνος
1161 1359 1277 1398 ἀρύεσθε.
1295 1358 1347 1387 Καὶ
1368 1358 1504 1396 διαιρέσεις
1519 1358 1654 1386 διακονιῶν
1676 1357 1740 1385 εἶσιν
1751 1379 1758 1392 ,
1773 1358 1787 1384 ὁ

1022 1405 1049 1433 δὲ
1065 1405 1139 1438 αὐτὸς
1153 1404 1256 1444 Κύριος.
1268 1404 1403 1433 ,λιπαίνων
1418 1403 1468 1443 γὰρ
1482 1403 1529 1437 τὴν
1542 1402 1723 1443 παραμυθίαν,
1741 1401 1785 1430 καὶ

1022 1452 1065 1480 τὸν
1080 1451 1142 1480 Υἱὸν
1154 1451 1198 1480 καὶ
1212 1450 1254 1479 τὸν
1270 1450 1378 1489 Πατέρα
1393 1449 1557 1489 προστίθησι.
1571 1448 1621 1477 Καὶ
1636 1448 1716 1488 ἑτέρῳ
1730 1447 1785 1476 ποί-

1021 1499 1062 1526 λιν
1077 1497 1185 1535 ὂνόματι
1206 1498 1281 1526 καλεῖ
1294 1496 1340 1529 τὰς
1359 1496 1457 1536 δωρεὰς
1471 1495 1578 1529 ταύτας,
1595 1495 1701 1523 πλείονα
1722 1495 1785 1522 κάν-

1022 1547 1108 1572 τεῦθεν
1134 1542 1300 1583 παραμυθίαν
1324 1543 1432 1570 ἐπινοῶν
1449 1554 1455 1559 ·
1478 1541 1517 1570 διὸ
1541 1541 1584 1569 καῖ
1608 1540 1690 1573 οὕτως
1714 1535 1784 1575 εἶπε,

1022 1590 1167 1630 Διαιρέσεις
1181 1590 1316 1617 διακονιῶν
1331 1590 1411 1624 εἰσιν,
1424 1590 1437 1617 ὁ
1449 1587 1475 1616 δὲ
1489 1587 1564 1619 αὐτὸς
1574 1586 1677 1625 Κύριος.
1693 1585 1727 1615 ‘O
1739 1584 1786 1624 μὲν

229 1642 326 1663 autem
344 1637 498 1665 Dominus.
516 1637 584 1665 Nam
604 1636 649 1674 qui
665 1635 765 1664 donum
781 1635 867 1669 audit,
879 1642 903 1663 et
919 1635 969 1663 mi·
986 1634 1003 1656 C
1022 1636 1072 1676 γὰρ
1087 1636 1208 1675 χάρισμα
1223 1634 1348 1669 ἀκούσας,
1363 1633 1407 1662 καὶ
1425 1634 1531 1662 ἔλαττον
1553 1632 1656 1668 laeam,
1673 1631 1735 1664 ἴσως
1754 1631 1784 1660 ἂν

229 1692 279 1710 nus
291 1683 402 1722 accepit,
418 1683 528 1711 fortasse
542 1682 675 1719 doluerit3
691 1682 737 1721 qui
752 1693 815 1711 vero
832 1682 968 1710 ministra-

229 1728 327 1757 tionem
342 1729 512 1768 accepit‚non
528 1729 608 1758 item:
622 1740 662 1757 res
676 1729 745 1757 enim
760 1729 879 1757 laborem
893 1728 968 1756 indi-

229 1783 270 1804 cat
284 1783 309 1804 et
324 1776 457 1806 sudorem.
470 1776 543 1812 Quid
555 1787 616 1815 ergo
627 1776 715 1813 doles,
728 1776 825 1814 inquit,
841 1776 863 1804 si
886 1776 968 1804 aliurn

229 1822 291 1861 plus
304 1822 424 1851 laborare
435 1824 526 1862 jussit,
538 1823 588 1851 tihi
603 1823 734 1862 parcens?
749 1824 776 1851 6.
790 1823 828 1850 Et
846 1823 968 1850 divisio-

229 1878 279 1896 nes
291 1870 490 1906 operationum
501 1875 578 1903 sunt,
591 1868 666 1896 idem
673 1878 743 1895 vero
755 1868 834 1895 Deus
845 1869 896 1906 qui
905 1877 967 1905 ope-

229 1920 312 1942 ratur
331 1916 429 1942 omnia
444 1917 475 1942 in
489 1916 628 1942 omnihus.
644 1915 672 1942 7.
690 1914 850 1952 Unicuique
873 1918 969 1940 autem

229 1960 317 1988 datur
331 1960 530 1998 manifestatio
549 1960 670 1998 Spiritus
693 1959 733 1986 ad
753 1959 919 1986 utilitatem.
933 1957 969 1986 Et

228 2005 293 2044 quid
314 2012 352 2034 cst
374 2005 511 2044 operatio?
529 2005 594 2043 quid
621 2004 736 2040 donum,
754 2003 876 2042 inquies?
902 2003 969 2041 quid

229 2050 407 2079 ministratio?
422 2050 565 2078 Nominum
590 2056 693 2078 tantum
712 2056 773 2077 sunt
798 2048 966 2086 differentiae,

229 2098 291 2136 quia
320 2108 360 2126 res
376 2097 474 2126 eaedem
503 2104 573 2126 sunt.
596 2097 676 2132 Quod
699 2097 769 2125 cuim
795 2103 834 2125 est
855 2096 965 2134 donum,

1020 1681 1142 1720 Ι’(ἷιλγήσῃ
1155 1693 1161 1699 ·
1177 1684 1190 1710 ὃ
1205 1680 1232 1710 δὲ
1244 1680 1388 1716 διακονίαν,
1403 1681 1452 1719 οὐχ
1465 1679 1559 1718 ὁμοίως
1570 1690 1576 1696 ·
1589 1678 1667 1707 πόνου
1681 1678 1732 1717 γὰρ
1745 1679 1785 1706 ε’ν-

1023 1728 1149 1757 δεικτικὸν
1163 1727 1194 1756 τὸ
1211 1732 1322 1767 πρᾶγμα
1336 1726 1381 1754 καὶ
1400 1727 1514 1765 ἱδρῶτος.
1528 1724 1564 1754 Τί
1581 1724 1666 1753 τοίνυν
1679 1725 1766 1762 ἀλγεῖς
1776 1746 1784 1760 ‚

1022 1774 1113 1814 φησὶν,
1128 1775 1150 1802 εἰ
1170 1773 1255 1812 ἕτερον
1271 1772 1377 1801 πλείονα
1391 1773 1504 1806 πονῆσαι
1519 1770 1649 1806 ἐκέλευσε,
1670 1772 1716 1798 σοῦ
1730 1781 1786 1809 φει-

1022 1820 1151 1858 σάμενος;
1174 1819 1226 1847 Καὶ
1250 1817 1386 1856 διαιρέσεις
1409 1816 1593 1855 ἐνεργημάτων
1618 1815 1697 1850 εἰσὶν,
1720 1817 1733 1844 ὃ
1758 1814 1785 1844 δὲ

1023 1867 1097 1898 αὐτὸς
1110 1865 1177 1898 Θεὸς
1192 1867 1205 1893 ὁ
1227 1866 1336 1903 ἐνεργῶν
1353 1862 1385 1891 τὰ
1405 1862 1492 1891 πάντα
1510 1864 1535 1890 ἐν
1552 1867 1641 1891 πᾶσιν.
1661 1861 1787 1900 Ἑκάστῳ

1023 1912 1049 1940 δὲ
1064 1911 1161 1940 δίδοται
1174 1913 1190 1945 ἡ
1206 1910 1348 1949 φανέρωσις
1362 1912 1406 1937 τοῦ
1418 1907 1572 1946 Πνεύματος
1587 1906 1651 1947 πρὸς
1669 1907 1699 1935 τὸ
1719 1918 1784 1944 συμ-

1022 1958 1107 1998 φέρον.
1122 1956 1173 1985 Καὶ
1191 1956 1215 1984 τί
1228 1957 1296 1984 ἐστιν
1318 1955 1464 1994 ἐνέργημα;
1476 1953 1502 1981 τί
1514 1953 1540 1981 δὲ
1561 1953 1694 1992 χάρισμα,
1708 1951 1786 1991 φησί;

1022 2004 1047 2032 τί
1063 2003 1089 2032 δὲ
1104 2002 1235 2036 διακονία;
1248 2001 1401 2038 Ὀνομάτων
1414 1999 1532 2038 διαφοραὶ
1546 1998 1637 2036 μόνον,
1649 1998 1706 2027 ἐπεὶ
1717 1997 1785 2036 πρά-

1021 2061 1110 2089 γματα
1123 2049 1156 2078 τὰ
1173 2047 1246 2077 αὐτοί.
1265 2047 1302 2075 t*O
1319 2046 1368 2085 γάρ
1387 2048 1441 2074 ἐστι
1455 2045 1589 2084 χάρισμα,
1609 2048 1684 2073 τοῦτο
1697 2044 1785 2073 διακο-

1021 2097 1077 2131 νία,
1092 2099 1167 2124 τοῦτο
1187 2094 1231 2123 καὶ
1254 2093 1382 2133 ἐνέργειαν
1404 2092 1490 2130 λέγει·
1505 2091 1562 2126 Τὴν
1577 2090 1629 2131 γὰρ
1653 2089 1784 2118 διακονίαν

229 2144 299 2172 illud
312 2144 401 2184 ipsum
415 2150 453 2172 est
472 2143 649 2181 ministrati05
666 2143 716 2171 hoc
732 2143 811 2171 etiam
825 2142 891 2171 dicit
905 2153 967 2181 ope·
985 2157 1004 2179 D
1022 2156 1081 2178 σου,
1103 2142 1165 2182 φησὶ
1175 2164 1182 2176 ,
1200 2139 1397 2179 πληροφόρησον
1407 2150 1413 2155 ·
1428 2138 1490 2173 καὶ,
1503 2137 1561 2172 Τὴν
1583 2135 1713 2165 διακονίαν
1736 2147 1785 2174 μου

231 2192 358 2219 rationem
373 2201 450 2219 :nam
472 2190 732 2218 aittfllinisterium
756 2196 836 2217 tuum
861 2190 967 2228 imple,-

231 2245 272 2274 ct,
288 2239 482 2266 Ministerium
506 2247 599 2265 meum
619 2237 759 2276 glor'lfico·
776 2235 810 2264 Et
826 2235 968 2263 Timotheo

230 2284 347 2313 scribens
361 2283 436 2319 dicit,
452 2284 574 2321 Propter
588 2293 674 2322 quam
688 2292 807 2310 causam
827 2282 968 2309 admoneo

230 2337 267 2365 te,
277 2337 307 2358 ut
317 2332 435 2358 suscites
450 2331 577 2368 gratiam
594 2329 649 2356 Dei
659 2339 723 2367 quoe
732 2334 772 2355 est
790 2329 820 2355 in
835 2334 880 2361 te,-
891 2334 915 2356 et
934 2327 968 2355 ad

230 2378 340 2407 Galatas
353 2388 444 2406 rursus
466 2376 583 2405 scribens
600 2375 719 2404 dicebat:
736 2377 792 2413 Qui
805 2377 879 2403 enim
903 2386 967 2414 ope-

228 2431 311 2453 ratus
321 2430 362 2452 est
377 2425 465 2452 Petro
477 2425 507 2451 in
520 2423 725 2462 apostolatum,
738 2428 871 2461 operatus
883 2428 924 2451 est
940 2428 967 2450 et

260 2522 270 2533 ⁰
288 2515 337 2546 [A.
351 2514 377 2539 B.
392 2517 428 2539 καὶ
441 2514 587 2548 &rozaz-imm]

261 2561 270 2571 ⁸
289 2554 334 2585 [Λ.
347 2554 372 2577 Β.
385 2557 464 2578 πείθω-ι
477 2556 542 2578 αὐτὸν
553 2553 608 2584 μή]

1022 2189 1129 2222 δοξάζω.
1148 2187 1201 2216 Καὶ
1222 2185 1344 2224 Τιμοθέῳ
1357 2184 1464 2224 γράφων
1484 2183 1569 2223 φησί·
1589 2184 1630 2211 Δι’
1643 2183 1674 2218 ἣν
1699 2181 1787 2211 αἰτίαν

1022 2234 1214 2273 ἀναμιμνήσκω
1229 2244 1257 2262 σε
1269 2233 1444 2269 ἀναζωπυρεῖν
1457 2229 1487 2258 τὸ
1504 2229 1623 2269 χάρισμα
1637 2231 1682 2257 τοῦ
1699 2229 1784 2262 Θεοῦ,

1021 2282 1036 2311 ὅ
1047 2283 1115 2311 ἐστιν
1131 2282 1156 2309 ἐν
1170 2279 1210 2308 σοί
1223 2291 1229 2297 ·
1252 2278 1296 2307 καὶ
1312 2277 1443 2309 Γαλάταις
1457 2275 1535 2304 πάλιν
1555 2274 1712 2303 ἐπιστέλλων
1726 2273 1784 2302 ἔλε-

1020 2341 1064 2367 γεν
1076 2340 1082 2345 ·
1097 2327 1130 2355 ‘O
1145 2326 1195 2365 γὰρ
1210 2324 1349 2363 ἐνεργήσας
1365 2322 1460 2362 Πέτρῳ
1478 2323 1515 2353 εἷς
1529 2319 1675 2354 ἀποστολὴν
1685 2342 1692 2355 ,
1707 2319 1785 2358 ἐντ’,ρ-

1021 2386 1084 2414 γησε
1098 2373 1178 2411 κάμοὶ
1192 2372 1226 2404 εἷς
1241 2370 1274 2399 τὰ
1287 2369 1355 2404 ἔθνη.
1370 2368 1451 2406 Ὁρᾷς
1464 2367 1504 2396 ὅτι
1519 2364 1640 2403 οὗδεμίαν
1659 2364 1785 2404 διαφορὰν

1021 2420 1147 2449 δείκνυσιν
1161 2419 1185 2447 ἐν
1197 2420 1252 2448 ταῖς
1261 2413 1476 2455 δωρεαῖςΠατρὸς
1482 2412 1525 2440 καὶ
1532 2411 1686 2448 Πνεύματος
1697 2410 1785 2449 ἁγίους

1061 2511 1074 2528 ¹·
1091 2510 1135 2541 [R.
1148 2512 1250 2540 ἀλγήσει.
1263 2512 1287 2530 ct
1306 2508 1332 2530 Α.
1350 2513 1379 2528 ox
1393 2513 1458 2528 corr.
1471 2502 1539 2527 Infra
1560 2508 1662 2535 uterque
1679 2507 1783 2533 πρμέσχι,

1030 2548 1110 2573 forma
1123 2548 1236 2580 frequens
1251 2546 1275 2570 in
1294 2543 1466 2575 Chrysostomi
1484 2541 1574 2573 libris]
