1891 2866
122 1082 195 1100 omnia
227 1089 263 1101 su-

121 1116 190 1140 perat.

637 207 666 222 Β.

278 188 345 222 558

275 260 454 298 convalescet,
470 271 530 290 cum
546 272 628 299 neque
643 261 687 291 hic
700 262 778 291 illum
792 262 914 299 advocet,
929 271 1013 300 neque

275 307 320 335 itle
343 307 431 346 ipsum
454 307 530 336 adeat
541 308 554 335 ἶ)
568 308 623 336 Cur
637 319 713 347 ergo,
728 319 827 347 quaeso,
844 307 973 336 aversaris
988 314 1012 334 et

695 200 832 223 JOANNJS
859 199 1038 223 CHRYSOST.

274 354 346 393 sugis
360 354 459 382 illum?
473 365 507 383 an
522 355 585 393 quia
601 362 637 383 est
649 356 769 395 impius?
782 359 817 384 At
839 355 896 383 ideo
911 361 1012 393 oportet

274 400 352 428 illum
365 400 441 429 adire
455 408 480 429 et
493 412 595 436 curare,
608 408 636 430 ut
647 409 774 440 :egrotum
786 401 819 430 ad
834 400 1012 430 valetudinem

274 457 391 476 revoces.
423 447 487 475 )uod
510 447 531 475 si
552 447 695 476 incurabili
719 448 810 476 morbo
831 447 944 482 laborat,
967 445 1013 474 sed

276 499 303 520 tu
315 492 406 530 jussus
417 503 444 521 es
457 492 530 531 quod
543 493 569 521 in
586 500 611 521 te
625 500 662 521 est
680 494 778 521 facere:
795 491 1012 531 quandoquidem

274 544 299 566 et
318 538 402 567 Judas
422 538 564 567 incurabili
581 539 673 567 morbo
695 539 849 575 laborabat,
865 548 912 566 nec
926 544 1012 566 tamen

273 583 374 612 destitit
388 585 460 613 Deus
480 584 557 612 illum
578 595 679 613 curare.
693 585 730 612 Ne
753 584 840 622 itaque
859 590 887 611 tu
910 593 1013 621 quoque

275 630 438 669 defatigeris.
457 632 526 659 Nam
542 631 644 659 etiamsi
658 641 754 669 magno
772 630 892 659 adhibito
914 629 1013 666 studio,

273 677 363 716 ipsum
382 677 415 705 ab
439 677 572 716 impietate
586 688 637 705 non
660 677 765 711 liberes,
781 687 811 705 ac
830 676 852 705 si
875 676 1014 705 liberasses

273 722 421 752 mercedem
435 723 560 762 accipies,
573 730 597 751 et
608 723 706 752 efficies
718 731 745 752 ut
760 724 817 763 ipse
827 722 1011 751 mausuetudi-
1023 747 1058 765 307

274 779 333 796 nem
343 776 416 796 tuam
427 768 581 805 admiretur;
592 769 682 807 sicque
692 769 727 798 ad
735 770 822 798 Deum
832 769 950 798 totahaec
961 769 1013 807 glo·
1032 775 1051 796 Α

273 814 312 842 ria
325 815 458 842 transibit.
473 814 585 843 Etiamsi
596 816 666 844 enim
676 816 805 844 miracula
817 823 912 855 patres,
925 816 1014 844 etiam-

273 859 294 887 si
304 860 412 897 quidvis
421 860 495 888 aliud
505 861 593 897 facias,
604 872 751 899 numquam
761 869 785 890 te
797 862 832 890 ita
842 862 1014 891 admirabun-

273 912 317 933 tur
338 906 466 944 gentiles,
486 914 514 935 ut
533 918 594 936 cum
607 915 631 936 te
641 908 871 945 videdntmitem,
889 919 1013 937 mansue-

273 958 342 989 tum,
359 963 506 991 suavesque
517 964 602 982 mores
615 954 794 983 exhibentem.
804 955 862 983 Non
876 961 913 983 est
926 962 1014 984 autem

274 997 325 1026 hoc
346 998 481 1027 modicum
497 1000 605 1028 virtutis
620 1011 687 1040 opus
701 1013 706 1028 :
721 1001 799 1029 multi
816 1002 887 1030 enim
908 1002 1014 1031 tandem

183 1050 289 1072 carnosa
300 1044 369 1073 malo
388 1045 583 1074 liberabuntur.
605 1047 682 1075 Nihil
694 1048 765 1076 enim
776 1047 813 1076 ita
833 1055 918 1087 potest
932 1056 1014 1077 attra-

276 1090 348 1127 here,
358 1098 386 1119 ut
397 1091 503 1120 caritas.
520 1093 589 1121 Nam
601 1101 708 1133 propter
720 1094 766 1122 illa
777 1094 885 1132 quidem
897 1102 921 1124 te
933 1107 1014 1124 aemu-

275 1137 412 1173 labuntur,
428 1146 536 1177 propter
548 1140 621 1177 signa
634 1140 694 1168 dico
709 1147 734 1169 et
746 1142 890 1180 miraeula;
908 1150 1014 1183 propter

275 1183 325 1212 hoc
340 1191 428 1212 autem
443 1191 468 1212 et
482 1184 688 1215 admirabuntur
702 1194 727 1216 et
737 1189 864 1218 amabunt
875 1202 880 1216 :
891 1197 916 1218 te
925 1197 1014 1219 autem

273 1237 401 1267 amantes,
416 1230 554 1260 veritatem
577 1232 645 1260 ultra
661 1235 793 1273 progressi
808 1236 1010 1275 amplectentur.

274 1276 303 1305 Si
320 1287 384 1305 vero
404 1287 456 1304 non
470 1277 560 1305 statim
575 1278 621 1306 fiat
636 1279 735 1317 fidelis,
753 1292 784 1309 ne
799 1283 916 1318 mireris,
930 1293 1014 1320 neque
1031 1284 1048 1307 B

275 1332 369 1360 urgeas
378 1346 385 1358 ‚
399 1333 483 1361 neque
495 1324 584 1352 omnia
598 1325 680 1353 simul
688 1337 805 1364 quaeras;
816 1327 861 1356 sed
874 1328 929 1356 sine
939 1329 1014 1357 illum

275 1368 381 1397 interim
394 1369 521 1406 laudare,
536 1381 625 1399 amare
635 1394 642 1406 ‚
658 1373 731 1401 etsie
746 1373 855 1402 ulterius
871 1375 1015 1413 procedens

276 1415 372 1443 veniet.
390 1415 423 1443 Et
440 1423 469 1444 ut
485 1416 555 1444 clare
569 1416 654 1446 discas
669 1426 800 1456 quantum
820 1420 869 1448 hoc
886 1421 936 1457 sit,
952 1421 1015 1450 audi

275 1460 410 1498 quomodo
424 1462 503 1490 etiam
522 1462 621 1491 Paulus
638 1463 773 1493 infidelem
790 1466 911 1505 jndicem
924 1467 1015 1496 adiens

123 1519 176 1539 Act.
191 1517 227 1539 25,
241 1524 263 1540 2,
276 1517 331 1534 sese
341 1514 436 1546 purget
449 1519 454 1534 :
466 1518 527 1535 nam
540 1509 588 1545 ait,
603 1510 727 1538 Beatum
743 1522 787 1539 me
797 1514 939 1549 existimo,
950 1525 1015 1542 cum

275 1555 355 1592 apud
368 1561 395 1582 te
405 1557 459 1583 sim
474 1566 518 1584 me
531 1558 680 1596 injudicio
694 1559 875 1598 defensurus.
887 1561 949 1589 Haec
963 1573 1014 1590 au-

276 1607 328 1628 tem
352 1600 469 1638 dicebat,
487 1612 539 1630 nun
556 1611 690 1632 assentans
705 1605 739 1643 ei,
753 1606 832 1641 absit,
849 1607 895 1635 sed
909 1616 938 1636 ut
954 1620 1015 1638 eum

275 1647 477 1676 mausuetudine
487 1648 644 1678 lucraretur.
660 1651 693 1679 Et
704 1662 736 1680 ex
749 1660 823 1692 parte
837 1654 955 1684 lucratus
967 1664 1015 1691 est,

274 1701 299 1722 et
310 1693 429 1733 judicem
453 1696 532 1734 cepit,
548 1696 594 1734 qui
609 1697 735 1727 hactenus
757 1700 862 1729 crimini
884 1702 1016 1731 obnoxius

275 1740 429 1779 putabatur,
443 1748 468 1769 et
481 1742 621 1771 victoriam
635 1744 692 1783 ejus
708 1745 731 1773 is
747 1745 803 1785 ipse
817 1747 863 1785 qui
874 1755 966 1787 captus
979 1757 1017 1778 est

275 1785 412 1824 splendida
427 1798 491 1815 voce
505 1789 679 1826 praesentibus
694 1792 818 1820 omnibus
841 1794 1017 1823 confitebatur

124 1844 182 1864 [lud.
195 1852 215 1863 v,
226 1843 263 1864 28.
275 1832 377 1861 dicens:
388 1835 499 1862 Parum
520 1837 600 1864 abest
622 1839 693 1875 quin
708 1839 780 1866 milzi
791 1841 969 1877 persuadeas
985 1848 1018 1870 ut

268 1877 348 1916 fiam
364 1878 557 1908 Christianus.

316 1924 345 1952 6.
367 1923 439 1958 Quid
459 1935 521 1964 ergo
540 1926 640 1955 Paulus
660 1927 673 1955 ἶν’
689 1928 776 1967 Magis
797 1931 925 1969 expandit
940 1943 1016 1972 sage-

126 1983 184 2002 [Md.
199 1988 256 2010 v‚29
278 1981 338 1999 nam
353 1978 378 1999 et
395 1972 451 2000 ait:
472 1974 606 2012 Optarent
628 1986 690 2014 ego,
717 1987 775 2005 non
794 1979 888 2007 solum
906 1987 942 2015 te,
965 1983 1018 2010 sed

276 2019 365 2045 etiam
384 2028 481 2047 omnes
501 2022 550 2058 qui
574 2022 690 2057 adsunt,
716 2023 770 2052 Ιιοε
788 2035 848 2053 esse
869 2028 948 2065 quod
965 2039 1015 2067 ego
1032 2039 1049 2061 C

277 2074 349 2100 sum,
365 2067 490 2103 exceptis
504 2067 548 2094 his
564 2069 700 2097 vinculis.
717 2070 790 2105 Quid
803 2071 879 2108 dicis,
892 2084 907 2101 0
922 2075 1015 2109 Paule,

278 2112 416 2150 Exceptis
433 2113 560 2141 vinculis
572 2117 583 2141 P
595 2121 619 2142 et
635 2126 757 2153 quaenam
770 2118 819 2146 tibi
831 2119 864 2147 de
879 2127 970 2150 caetero
982 2122 1016 2150 fi-

276 2155 364 2192 ducia,
377 2156 399 2185 si
414 2167 506 2185 eorum
519 2165 544 2186 te
556 2159 653 2197 pudeat
665 2168 689 2189 et
701 2173 730 2190 ea
744 2163 840 2202 fugIas,
857 2173 881 2194 et
893 2166 943 2195 hoc
958 2174 1015 2196 tnn—

277 2209 304 2230 ιο
319 2210 445 2242 praesente
460 2205 581 2243 populo?
596 2217 682 2235 annon
703 2208 730 2237 in
751 2211 871 2248 epistolis
892 2213 943 2241 tuis
966 2214 1016 2243 hac

277 2248 312 2278 de
332 2260 359 2278 re
377 2250 475 2289 ubique
490 2251 623 2289 gloriaris,
644 2261 669 2281 et
689 2261 713 2282 te
733 2256 854 2285 vinctum
878 2260 995 2298 appellas
1008 2284 1015 2297 ‚

278 2296 397 2334 hancque
408 2304 527 2325 catenam
538 2299 638 2336 ubique
651 2300 726 2329 nobis
738 2303 813 2339 quasi
822 2303 945 2335 diadema
959 2309 1011 2336 cir-

276 2341 412 2369 cumfers?
428 2341 493 2380 quid
508 2352 569 2381 ergo
588 2353 658 2371 nunc
672 2344 770 2373 factum
789 2354 836 2383 est,
858 2356 886 2377 ut
907 2351 1013 2380 vincula

276 2386 447 2426 depreceris?
463 2389 521 2416 Non
542 2389 597 2428 ipse
610 2389 745 2429 deprecor,
760 2392 856 2431 inquit,
873 2405 956 2434 neque
971 2409 1012 2427 me

311 2491 323 2508 h
342 2490 418 2522 [ὅμως
431 2491 516 2516 inserit
530 2494 558 2516 Α.
572 2492 646 2517 Abest
658 2494 682 2518 in
697 2493 773 2527 Edd.]

311 2537 321 2547 ἢ
339 2530 539 2563 [Α.βουλο’μενος.
563 2534 574 2557 ὃ
591 2536 627 2558 καὶ
645 2537 732 2565 γέγονε,
745 2539 780 2560 καὶ
798 2540 820 2561 ἐκ
836 2549 862 2569 μ.
880 2542 910 2564 2¹1..
933 2544 968 2565 καὶ
987 2546 1030 2575 γὰρ

280 2573 317 2594 τὸν
330 2569 362 2601 ὃ]

1065 200 1082 220 A
1090 199 1205 221 Reium)
1213 214 1219 220 .
1248 197 1309 219 CON
1316 197 1374 219 STA
1381 197 1432 219 NTl
1439 197 1500 219 Nol‘
1508 212 1515 219 .

1069 260 1150 289 ίεσθαι
1173 261 1217 289 καὶ
1237 260 1397 299 θεραπεύειν,
1412 259 1454 288 ἵνα
1480 259 1629 298 ἀναστήσῃς
1652 262 1785 289 νοσοῦντα.
1800 261 1832 289 E?

1068 306 1094 334 δὲ
1107 306 1199 334 ἀνίατα
1210 310 1278 335 νοσεῖ
1287 328 1293 340 ,
1304 305 1372 335 ἀλλὰ
1384 306 1413 335 σὺ
1423 306 1452 334 τὸ
1463 309 1558 336 σαυτοῦ
1571 310 1653 334 ποιεῖν
1666 305 1818 340 ἐκελεύσθης
1826 317 1832 323 ·

1068 352 1124 380 ἐπεὶ
1137 352 1180 379 καὶ
1201 354 1214 379 ὁ
1232 351 1329 385 Ἰούδας
1344 352 1438 380 ἀνίατα
1461 353 1558 386 ἐνόσει,
1583 352 1626 380 καὶ
1647 353 1675 380 οὐ
1693 351 1805 380 διέλιπεν
1821 353 1834 379 ὁ

1068 398 1134 430 Θεὸς
1147 397 1223 426 αὐτὸν
1236 399 1396 437 θεραπεύων.
1409 399 1454 434 Μὴ
1468 399 1552 428 τοίνυν
1564 399 1629 437 μηδὲ
1642 397 1672 426 σὺ
1685 397 1833 436 ἀποκάμῃς.

1068 443 1123 472 Κᾶν
1140 443 1190 483 γὰρ
1205 445 1289 473 πολλὰ
1308 445 1456 478 σπουδάσας
1472 445 1508 484 μὴ
1529 445 1682 484 ἀπαλλάξῃς
1702 446 1749 479 τῆς
1772 445 1833 472 <ice-

1068 489 1138 522 Gzt‘otc
1152 491 1238 525 αὐτὸν,
1254 490 1344 529 ι’ὅμως
1363 492 1408 520 καὶ
1421 495 1465 520 τοῦ
1477 491 1674 524 ἀπαλλάξαντος
1690 490 1761 529 λήψῃ
1789 489 1832 518 τὸν

1069 536 1170 574 μισθὸν,
1184 536 1228 566 καὶ
1243 539 1452 578 παρασκευάσεις
1466 539 1542 567 αὐτὸν
1562 538 1701 576 θαυμάζειν
1723 548 1768 566 σου
1784 535 1832 571 τὴν

1068 583 1232 622 ἡμερότητα,
1247 585 1292 613 καὶ
1312 583 1392 617 οὕτως
1417 586 1452 618 εἷς
1471 586 1514 613 τὸν
1537 585 1604 614 Θεὸν
1620 587 1637 620 ἡ
1660 583 1720 617 δόξα
1741 583 1832 612 ἅπασα

1069 627 1134 664 αὕτη
1150 629 1311 664 διαὸήσεται.
1327 631 1383 659 Κᾶν
1404 630 1453 669 γὰρ
1477 630 1596 669 θαύματα
1617 633 1708 667 ποιῇς,
1723 629 1771 658 κᾶν
1792 641 1832 657 νε-

1068 675 1143 714 κροὺς
1156 675 1271 715 ἐγείρῃς,
1288 676 1336 705 κᾶν
1352 679 1435 705 ὁτιοῦν
1450 677 1547 715 ἐργάσῃ
1557 699 1563 711 ,
1578 676 1701 705 οὐδέποτέ
1721 687 1750 705 σε
1764 675 1832 704 οὕτω

1069 721 1246 759 θαυμάσονται
1272 721 1416 758 ’Έλληνες,
1438 724 1473 755 ὡς
1498 722 1559 751 ὅταν
1583 723 1658 752 ἴδωσι
1681 728 1763 763 πρᾶον
1788 721 1833 751 καὶ

1069 766 1165 807 ἥμερον
1179 767 1223 796 καὶ
1236 768 1331 807 γλυκὺν
1342 768 1522 808 παρεχόμενον
1538 769 1641 808 τρόπον.
1653 770 1693 798 Οὖ
1704 767 1795 808 μικρὸν
1806 767 1833 796 δὲ

1068 813 1113 841 καὶ
1134 817 1209 843 τοῦτο
1223 815 1381 854 κατόρθωμα
1390 828 1396 833 ·
1411 816 1501 845 πολλοὶ
1515 815 1565 856 γὰρ
1578 815 1623 845 καὶ
1641 816 1727 845 τέλεον
1746 815 1834 844 ἀπαλ-

1068 859 1229 898 λαγήσονται
1242 865 1287 890 τοῦ
1310 866 1399 891 κακοῦ.
1420 861 1501 891 Οὐδὲν
1518 861 1569 902 γὰρ
1587 862 1668 894 οὕτως
1687 861 1834 890 ἐπισπάσα-

1069 908 1129 934 σθαι
1154 906 1276 942 δύναται,
1299 909 1334 940 ὡς
1350 908 1449 946 ἀγάπη.
1464 909 1526 937 Ἐπ’
1552 907 1658 940 ἐκείνοις
1674 907 1720 946 μὲν
1739 908 1790 948 γάρ
1805 919 1833 935 σε

1069 952 1113 980 καὶ
1129 953 1336 988 ζηλοτυπήσουσι
1346 977 1353 989 ,
1365 958 1417 987 τοῖς
1429 954 1546 993 σημείοις
1557 955 1626 993 λέγω
1638 954 1681 982 καὶ
1692 954 1832 992 θαύμασιν,

1069 999 1112 1027 ἐπὶ
1123 998 1206 1038 τούτῳ
1220 999 1247 1029 δὲ
1262 1001 1305 1028 καὶ
1321 1001 1499 1038 θαυμάσονται
1513 1001 1557 1029 καὶ
1570 1000 1720 1040 φιλήσουσι·
1733 1001 1834 1039 φιλοῦν-

1068 1056 1110 1077 τες
1130 1044 1156 1073 δὲ
1171 1045 1215 1073 καὶ
1231 1047 1279 1080 τῆς
1294 1047 1414 1082 ἀληθείας
1429 1047 1600 1086 ἐπιλήψονται
1615 1047 1666 1085 ὁδῷ
1678 1046 1835 1084 προὸαίνον-

1069 1104 1118 1124 τες.
1132 1093 1165 1121 Εἰ
1187 1092 1214 1121 δὲ
1236 1095 1282 1122 οὐκ
1305 1094 1398 1125 εὐθέως
1422 1093 1520 1132 γίνεται
1540 1093 1644 1129 πιστὸς,
1659 1092 1695 1131 μὴ
1717 1092 1832 1130 θαύμαζε

1070 1137 1135 1174 μηδὲ
1159 1138 1262 1176 ἐπείγου
1283 1139 1348 1177 μηδὲ
1367 1140 1469 1168 ἅπαντα
1485 1142 1549 1177 ὁμοῦ
1571 1139 1655 1175 ζήτει,
1677 1139 1735 1167 ἀλλ’
1757 1139 1832 1168 ἔασον

1069 1184 1144 1212 αὐτὸν
1160 1185 1222 1216 τέως
1237 1186 1360 1221 ἐπαινεῖν,
1376 1187 1467 1224 φιλεῖν,
1481 1186 1525 1214 καὶ
1538 1186 1573 1218 εἷς
1585 1189 1659 1214 τοῦτο
1670 1185 1721 1224 ὁδῷ
1735 1183 1833 1223 προϊὼν

1067 1230 1131 1264 ἥξει.
1148 1231 1201 1258 Καὶ
1214 1230 1256 1259 ἵνα
1272 1232 1356 1270 μάθῃς
1369 1234 1457 1271 σαφῶς
1471 1231 1561 1266 ἡλίκον
1571 1230 1645 1260 τοῦτό
1659 1232 1740 1266 ἐστιν,
1756 1231 1834 1259 ἄκου-

1069 1287 1112 1304 σον
1127 1279 1182 1309 πῶς
1200 1277 1244 1306 καὶ
1267 1279 1372 1310 Παῦλος
1388 1277 1452 1316 πρὸς
1471 1277 1594 1313 δικαστὴν
1616 1277 1703 1307 εἰσιὼν
1723 1277 1832 1305 ἄπιστον

1068 1324 1230 1362 ἀπελογεῖτο.
1248 1324 1384 1363 Μακάριον
1397 1324 1464 1363 γὰρ,
1481 1324 1569 1363 φησιν,
1591 1324 1695 1363 ἥγημαι
1710 1323 1832 1363 ἐμαυτὸν,

1070 1369 1172 1407 μέλλων
1188 1370 1231 1398 ἐπὶ
1246 1373 1291 1398 σοῦ
1308 1370 1450 1409 κρίνεσθαι.
1464 1371 1556 1399 Ταῦτα
1568 1370 1595 1399 δὲ
1609 1370 1706 1409 ἔλεγεν,
1718 1372 1746 1400 οὐ
1758 1372 1832 1400 κολα-

1069 1418 1148 1446 κεύων
1163 1418 1246 1453 αὐτὸν,
1259 1419 1358 1455 ἄπαγε,
1375 1416 1442 1446 ἀλλὰ
1464 1418 1505 1453 διὰ
1525 1419 1571 1452 τῆς
1590 1418 1752 1457 ἡμερότητος
1773 1430 1832 1457 κερ-

1069 1465 1144 1492 δᾶναι
1157 1464 1320 1502 βουλόμενος.
1337 1464 1348 1479 ¹²
1360 1465 1412 1493 Καὶ
1426 1467 1454 1494 ἐκ
1470 1465 1562 1503 μέρους
1577 1467 1712 1505 ἐκέρδανε,
1727 1465 1771 1494 καὶ
1787 1466 1830 1494 τὸν

1069 1511 1193 1546 δικαστὴν
1209 1506 1274 1539 εἷλεν
1289 1513 1302 1539 ὁ
1316 1511 1379 1543 τέως
1403 1512 1542 1544 κατάδικος
1563 1508 1629 1540 εἶναι
1651 1513 1831 1552 νομιζόμενος,

1068 1557 1111 1584 καὶ
1125 1557 1172 1591 τὴν
1185 1558 1257 1592 νίκην
1271 1557 1344 1589 αὐτὸς
1361 1561 1374 1587 ὁ
1389 1558 1522 1598 χειρωθεὶς
1537 1561 1657 1599 ὁμολογεῖ
1675 1561 1786 1599 λαμπρᾷ
1797 1562 1830 1599 τῇ

1068 1607 1139 1643 φωνῇ
1155 1605 1290 1644 παρόντων
1305 1605 1426 1634 ἁπάντων
1445 1605 1537 1645 λέγων,
1551 1606 1597 1636 Ἐν
1620 1605 1699 1646 ὀλίγῳ
1724 1620 1757 1646 με
1776 1608 1830 1637 πεί,-

1069 1653 1120 1684 θεις
1136 1652 1290 1691 Χριστιανὸν
1306 1652 1432 1691 γενέσθαι.

1108 1933 1142 1961 Τί
1165 1929 1206 1962 οἶν
1220 1928 1366 1971 ὁἮαῧλος;
1381 1937 1443 1965 Ἐπὶ
1460 1937 1537 1967 πλέον
1550 1939 1628 1968 ἁπλοῖ
1641 1938 1687 1975 τὴν
1705 1939 1830 1978 σαγήνην,

1068 1979 1113 2007 καί
1124 1992 1216 2018 φησιν·
1236 1981 1370 2020 Εὐξαίμην
1386 1983 1415 2011 ἂν
1431 1983 1512 2022 ἔγωγε
1539 1984 1575 2023 μή
1599 1985 1675 2024 μόνον
1699 1985 1728 2014 σὲ
1739 2008 1746 2021 ,
1763 1986 1831 2015 ἀλλὰ

1067 2025 1112 2053 καὶ
1127 2025 1185 2058 τοὺς
1200 2027 1330 2067 παρόντας
1339 2029 1455 2062 ἅπαντας
1463 2029 1555 2059 ι’τοῦτο
1567 2031 1685 2070 γενέσθαι
1699 2031 1761 2070 ὅπερ
1770 2031 1830 2071 ἐγὼ.

1067 2071 1126 2099 ἄνευ
1141 2075 1192 2100 τῶν
1203 2074 1305 2111 δεσμῶν
1316 2075 1422 2105 τούτων.
1438 2076 1472 2105 Τί
1486 2076 1568 2116 λέγεις
1579 2101 1586 2114 ,
1601 2073 1622 2107 ὦ
1637 2078 1726 2107 Παῦλε
1736 2101 1744 2114 ,
1758 2079 1831 2108 Ἄνευ

1067 2120 1118 2146 τῶν
1135 2119 1252 2156 δεσμῶν;
1268 2120 1312 2148 καὶ
1324 2121 1386 2150 ποία
1397 2134 1437 2151 σοι
1448 2124 1536 2152 λοιπὸν
1551 2125 1684 2164 παῤῥησία
1694 2148 1701 2161 ,
1716 2127 1738 2154 εἰ
1748 2128 1831 2154 ταῦτα

1068 2165 1179 2204 αἰσχύνῃ
1197 2166 1240 2194 καὶ
1253 2166 1352 2206 φεύγεις
1361 2190 1367 2202 ,
1381 2168 1425 2196 καὶ
1438 2173 1520 2198 ταῦτα
1535 2170 1577 2199 ἐπὶ
1590 2171 1672 2209 δήμου
1693 2171 1813 2201 τοσούτου
1824 2183 1831 2206 ;

1068 2211 1096 2238 οὐ
1112 2215 1247 2251 πανταχοῦ
1258 2215 1309 2241 τῶν
1322 2215 1464 2243 ἐπιστολῶν
1475 2216 1518 2244 ἐπὶ
1538 2219 1575 2256 τῷ
1593 2217 1732 2256 πράγματι
1747 2217 1830 2256 τούτῳ

1067 2263 1212 2296 καυχᾶσαι,
1228 2259 1272 2287 καὶ
1287 2259 1392 2297 δέσμιον
1408 2262 1515 2290 σεαυτὸν
1529 2263 1630 2299 καλεῖς,
1645 2263 1689 2292 καὶ
1708 2263 1755 2298 τὴν
1767 2263 1830 2291 ἅλυ-

1067 2315 1107 2331 σιν
1118 2308 1128 2319 ”
1138 2303 1233 2339 ταύτην
1249 2307 1312 2343 ἡμῖν
1329 2307 1385 2334 ἀντὶ
1409 2307 1567 2345 διαδήματος
1580 2312 1714 2348 πανταχοῦ
1727 2309 1830 2349 περιφέ-

1068 2362 1132 2389 ρεις;
1148 2350 1173 2378 τί
1183 2350 1265 2379 τοίνυν
1279 2352 1366 2390 γέγονε
1379 2356 1432 2389 νῦν,
1448 2354 1487 2382 ὅτι
1499 2354 1600 2394 ἀπεύχῃ
1611 2354 1644 2383 τὰ
1658 2355 1758 2394 δεσμοὶ;
1772 2357 1829 2384 Οὔκ

1068 2401 1142 2434 αὐτὸς
1153 2402 1315 2441 ἀπεύχομαι,
1333 2403 1419 2442 φησὶν,
1435 2404 1492 2433 οὐδὲ
1507 2405 1680 2445 αἰσχύνομαι,
1695 2409 1752 2437 ἀλλ’
1763 2408 1829 2438 ἐκεί-

1115 2503 1127 2522 b
1145 2503 1189 2535 [A.
1204 2505 1231 2528 B.
1246 2507 1303 2531 οὕτω
1315 2505 1434 2540 stireman]

1112 2550 1121 2562 t
1141 2542 1236 2576 [Iidem
1249 2546 1368 2570 omittunt
1382 2548 1484 2579 ταύτην.]
