1891 2866
282 182 350 204 212
620 182 649 205 S.
677 183 814 206 JOANMS
841 183 1020 206 CHRYSOST'
1052 183 1206 206 AncniEP.
1235 183 1499 206 CONSTANTINOP-

279 241 437 281 enim,quod
448 242 538 271 minus
551 243 684 274 habuistis
692 256 746 284 pra:
761 246 860 274 caeteris
867 245 992 274 Ecclesiis
1000 246 1013 273 ’τ’

280 289 343 317 Ideo
355 289 596 328 aitzSignaculum
609 292 790 329 apostolatus
804 294 860 320 mei
871 303 924 321 vos
937 293 1011 320 estis.

281 336 384 363 Namot
399 335 474 374 signa
488 336 600 373 ostendi,
617 344 642 365 et
656 338 737 366 verbo
747 338 843 373 docui,
859 346 884 367 ct
894 338 1013 378 pericula
1030 340 1047 362 1:

280 381 361 415 subii,
369 388 395 410 et
404 381 488 410 vitam
499 383 662 422 inculpatam
672 384 749 413 duxi.
762 385 796 413 Et
807 385 862 414 haec
875 385 963 413 omnia
973 385 1012 412 vi—

278 426 343 455 dere
354 427 416 456 licet
426 438 472 467 per
486 428 564 457 hasce
577 429 643 458 duas
657 430 789 469 epistolas,
801 441 881 469 quam
893 424 1013 458 accurate

279 483 374 512 nempe
392 473 449 502 haec
468 474 574 514 singula
589 475 758 505 demonstret.
780 478 807 505 5.
823 478 893 505 Mea
913 476 1013 514 [lesen-

277 521 320 547 sio
333 521 379 555 iis,
395 523 446 559 qui
457 531 501 549 me
520 523 718 561 interrogant,
733 523 794 551 haec
811 528 862 550 est.
876 520 949 557 Quid
965 527 1012 555 est,

278 566 349 594 Mea
362 567 492 605 defensio
505 569 551 602 iis,
562 570 612 607 qui
622 579 666 596 me
679 571 868 607 interrogant,
879 568 940 595 hoec
951 569 1013 594 est?

275 610 312 638 lis
326 611 372 649 qui
383 611 484 640 discere
494 613 589 641 volunt
600 613 732 641 undenam
747 613 796 641 sim
807 612 951 652 apostolus,
966 617 1012 639 aut

274 656 307 685 iis
327 658 373 696 qui
387 668 429 686 me
443 658 654 687 criminanturut
665 659 710 697 qui
728 659 854 698 pecunias
869 657 1009 696 accipiam,

273 711 319 732 aut
332 704 365 732 iis
379 705 425 742 qui
437 715 543 733 causam
552 713 673 743 quaerunt
686 716 734 734 cur
743 715 795 733 non
812 704 950 743 accipiam,
966 711 1011 732 aut

274 749 307 777 iis
315 750 360 787 qui
371 750 469 779 volunt
477 751 621 787 ostendere,
629 762 670 779 me
677 762 728 779 non
737 761 792 779 esse
803 750 963 790 apostolum,
969 761 1012 780 ve-

273 802 326 823 stra
334 796 503 831 institutio,et
513 808 543 825 ea
549 808 607 835 quae
615 798 737 826 dicturus
744 809 812 833 sum,
819 797 846 825 in
852 796 1014 825 demonstra-

273 842 370 870 tionem
382 849 407 870 et
419 842 597 872 defensionem
614 845 908 880 afseruntur.Quaenam
923 852 1010 875 autem

272 887 532 929 illa94.Numquid
539 901 597 918 non
607 891 745 919 habemus
752 898 924 930 potestatem
934 903 1013 921 man·
1029 890 1047 912 C

273 935 403 963 ducandi
412 941 439 963 et
454 937 593 963 bibendi?
608 937 634 964 5.
651 938 857 976 numquidnon
873 940 1013 967 hahemus

271 989 445 1020 potestatem
459 983 607 1011 mulierem
619 993 741 1012 sororem
755 986 1012 1013 circumducendi?

273 1028 309 1056 Et
324 1028 458 1066 quomodo
478 1028 534 1056 haec
552 1028 669 1058 defensio
692 1031 774 1059 sunt?
790 1031 869 1067 Quia,
883 1042 944 1060 cum
963 1041 1011 1070 ap-

273 1075 391 1114 paruerit
405 1086 446 1103 me
455 1075 534 1104 etiam
546 1086 561 1103 a
581 1078 708 1105 concessis
722 1078 869 1114 abstinere,
887 1089 939 1106 non
951 1079 1011 1117 jure

273 1121 300 1149 in
311 1121 487 1160 suspicionem
500 1122 615 1150 venerim
630 1122 702 1160 quod
713 1123 797 1152 fallax
807 1124 867 1160 sim,
880 1124 923 1153 vel
939 1124 1011 1162 quod

272 1167 391 1206 pecuniae
407 1178 484 1195 eausa
498 1167 599 1205 aliquid
610 1168 713 1196 faciam.
722 1168 762 1197 Ea
774 1169 857 1207 igitur
867 1180 926 1208 quae
935 1170 1010 1209 prius

272 1212 345 1241 dicta
358 1219 431 1248 sunt,
443 1220 468 1241 et
486 1220 574 1241 vestra
593 1213 730 1251 doctrina,
743 1222 768 1243 et
787 1226 845 1254 quae
865 1217 921 1255 jam
938 1215 1008 1253 dixi,

273 1258 308 1287 ad
337 1258 514 1288 defensionem
541 1260 618 1288 vobis
646 1261 785 1290 sufficiunt
806 1274 814 1299 3
834 1269 859 1291 et
883 1262 1009 1292 adversus

273 1315 363 1333 omnes
380 1305 427 1343 qui
440 1305 603 1345 interrogant
618 1318 670 1343 me,
686 1307 730 1336 hic
742 1308 799 1347 jam
813 1316 863 1345 sto,
877 1316 902 1337 et
915 1309 972 1337 haec
986 1316 1010 1338 et

273 1351 319 1379 illa
333 1351 424 1380 dicens
440 1363 446 1378 ι
461 1352 573 1380 Annon
590 1354 729 1382 habemus
739 1361 911 1393 potestatem
928 1367 1010 1384 man-

274 1397 403 1425 ducandi
412 1404 439 1426 et
449 1399 583 1426 bibendi?
590 1410 690 1427 αηηοη
698 1401 1010 1439 kabemuspoteslatem

273 1453 400 1471 sororem
433 1445 584 1473 mulierem
608 1447 841 1474 circumducendi
854 1450 867 1474 Ρ
888 1449 1009 1476 Attamen

273 1489 335 1518 licet
356 1489 469 1518 habeam
480 1513 487 1526 ,
506 1491 634 1526 abstineo.
650 1491 724 1527 Quid
745 1493 827 1531 ergo?
852 1504 904 1522 non
930 1504 1010 1521 man-

273 1535 401 1565 ducabat.
395 1537 408 1555 '³
417 1547 468 1565 non
476 1537 599 1566 bibebat?
605 1538 680 1576 Saepe
691 1545 759 1567 certe
765 1549 811 1568 nec
820 1540 1008 1576 manducabat,

126 1587 235 1609 2.C01.1
247 1594 266 1609 ¹.
275 1591 321 1610 nec
332 1582 459 1610 bibebat:
472 1593 534 1611 nam
544 1583 592 1611 ait:
603 1584 640 1611 In
652 1584 735 1621 fame
747 1591 775 1613 et
787 1587 844 1621 sili,
857 1587 1009 1626 infrigere

127 1625 139 1640 Μ

273 1634 301 1655 cl
325 1629 458 1656 nuditate
483 1629 665 1657 xoeeisabamur
685 1629 735 1658 Hie
763 1638 853 1659 autem
881 1643 934 1661 non
958 1632 1010 1660 hoc

273 1673 354 1709 dicit3
368 1674 413 1702 sed
425 1674 515 1712 quid?
528 1675 587 1703 Non
606 1675 799 1705 manducamus
813 1688 860 1706 nec
876 1678 1007 1716 bibimus,

272 1730 286 1747 a
299 1719 439 1759 discipulis
449 1720 617 1760 accipientes,
627 1721 729 1750 etiamsi
744 1729 899 1761 potestatem
911 1724 1007 1752 habea-

273 1776 333 1794 mus
351 1766 510 1805 accipiendi.
523 1767 676 1806 Numquid
694 1779 751 1796 non
769 1770 909 1799 hahemus
930 1777 1009 1810 pote-

272 1819 377 1841 statem
387 1823 512 1842 sororcm
522 1815 671 1843 mulierem
681 1817 926 1852 circumducendi,
935 1819 1010 1846 sicut

273 1865 300 1887 el
309 1861 405 1887 coeteri
416 1860 540 1898 apostoli
549 1867 577 1888 et
587 1862 698 1899 fratres
707 1862 828 1890 Domini
837 1869 865 1891 et
871 1864 1000 1902 Cepkas.
997 1866 1008 1885 Ρ
1026 1871 1044 1894 E

157 1910 265 1932 Pautisa-
274 1905 345 1934 Vide
370 1906 541 1944 sapientiam:
557 1907 729 1946 coryphaeum
747 1908 872 1937 ultimum
896 1909 1008 1948 posuit.

126 1948 148 1969 p
143 1944 217 1963 cutia.

273 1962 335 1980 nam
360 1951 433 1989 quod
457 1952 525 1980 inter
547 1954 635 1993 capita
658 1954 750 1983 fortius
775 1962 829 1991 est,
847 1962 909 1984 tunc
926 1957 1009 1995 ponit.

274 1998 365 2036 Neque
384 1997 454 2025 enim
474 1997 511 2026 ita
535 1999 689 2028 mirandum
703 2007 772 2037 erat,
785 2000 850 2029 alios
873 2002 1010 2031 ostendere

272 2044 323 2072 hoc
342 2044 473 2079 facientes,
483 2050 512 2072 ut
524 2045 641 2084 primum
659 2053 685 2074 et
702 2057 763 2074 eum
774 2047 815 2075 cui
833 2047 936 2076 traditae
947 2054 1010 2076 sunt

273 2090 361 2119 claves
380 2090 455 2129 regni
482 2091 617 2120 caelorum.
633 2093 763 2121 Caeterum
780 2103 831 2122 non
855 2094 942 2122 solum
961 2105 1010 2134 po-

273 2136 330 2173 nit,
352 2136 398 2165 sed
421 2148 528 2174 omnes,
547 2149 577 2166 ac
603 2138 625 2166 si
648 2138 765 2168 diceret:
783 2140 847 2169 Sive
874 2140 1011 2170 inferiores

273 2193 374 2221 quaeras
396 2183 452 2212 sive
469 2183 616 2223 superiores
626 2205 633 2218 ‚
647 2185 767 2214 omnium
789 2186 874 2225 posita
888 2194 950 2215 sunt
963 2198 1010 2215 ex-

275 2229 370 2268 empla.
382 2229 489 2258 Etenim
509 2230 602 2257 fratres
612 2231 721 2259 Domini
735 2242 749 2259 a
767 2232 854 2270 priore
868 2233 1012 2261 increduli-

274 2282 328 2303 tate
338 2275 474 2312 liberati,
467 2282 536 2304 inter
546 2275 670 2304 clariores
682 2284 764 2313 erant,
773 2277 821 2305 etsi
835 2277 869 2306 ad
880 2279 1012 2318 apostolos

274 2332 325 2349 non
343 2328 540 2360 peivzenerant
555 2321 687 2360 ideoque
681 2332 707 2350 111
725 2322 811 2351 medio
831 2323 890 2352 illos
911 2325 1042 2373 posuit,18

1069 245 1150 282 μείοις
1162 246 1206 274 καὶ
1217 245 1307 286 τέρασι
1319 245 1363 274 καὶ
1374 246 1506 284 δυνάμεσι.
1525 245 1560 275 Τί
1570 246 1620 285 γάρ
1632 247 1700 275 ἐστιν
1715 242 1736 287 ᾧ
1747 246 1832 282 ἡττή-

1067 293 1129 326 Οητε
1141 291 1205 330 ὑπὲρ
1216 292 1262 324 τὰς
1278 291 1371 324 λοιπὰς
1383 292 1557 327 Ἔκκλησίας;
1574 292 1626 321 Διὰ
1647 293 1724 322 τοῦτό
1737 305 1816 332 φησιν
1825 305 1832 311 ·

1067 337 1101 365 ‘11
1113 338 1222 376 σφραγὶς
1238 340 1284 372 τῆς
1300 339 1365 374 ἐμῆς
1385 340 1531 373 ἀποστολῆς
1549 341 1623 376 ὓμεῖς
1637 339 1704 367 ἐστε.
1717 338 1770 368 Καὶ
1781 338 1833 378 γὰρ

1067 382 1110 409 καὶ
1123 386 1219 419 σημεῖα
1231 382 1413 420 ἐπεδειξάμην,
1427 383 1472 412 καὶ
1492 384 1562 423 λόγῳ
1578 384 1683 417 ἐδίδαξα
1695 407 1702 420 ,
1717 384 1762 413 καὶ
1774 396 1834 413 κιν-

1067 427 1153 459 δύνους
1167 428 1308 466 ὑπέμεινα,
1324 429 1368 457 καὶ
1385 429 1439 467 βίον
1451 430 1623 470 παρεσχόμην
1638 431 1765 465 ἄληπτον.
1781 430 1833 460 Καὶ

1066 476 1148 501 ταῦτα
1162 474 1209 502 ὅλα
1228 474 1270 502 διὰ
1284 476 1336 502 τῶν
1350 475 1494 504 ἐπιστολῶν
1512 478 1564 504 τῶν
1580 475 1624 504 δύο
1647 475 1743 505 τούτων
1762 476 1832 504 ἐστὶν

1067 519 1139 553 ἰδεῖν,
1150 521 1205 551 πῶς
1221 519 1330 548 ἑκάστου
1345 520 1443 549 τούτων
1455 521 1602 560 παρέχεται
1617 524 1702 553 αὐτοῖς
1725 521 1834 550 ἀπόδει-

1066 563 1102 597 ξιν
1119 564 1185 601 μετὰ
1202 564 1336 604 ἀκριὲείας
1357 567 1470 601 ἁπάσης.
1496 566 1529 595 ‘H
1552 567 1602 605 ε’μὴ
1628 566 1755 605 ἀπολογία
1780 571 1834 600 τοῖς

1065 608 1112 646 ἐμὲ
1125 609 1304 647 ἀνακρίνουσίν
1319 612 1390 639 ἔστιν
1405 611 1481 646 αὕτη.
1490 611 1502 627 ¹'
1511 613 1546 642 Τί
1560 614 1640 648 ἐστιν,
1653 612 1686 641 ‘H
1702 612 1753 650 ἐμὴ
1765 614 1833 641 ἄπο-

1064 654 1139 692 λογία
1154 659 1206 688 τοῖς
1229 655 1275 693 ἐμὲ
1301 657 1481 694 ἀνακρίνουσίν
1506 659 1575 686 ἐστιν
1600 657 1684 693 αὕτη;
1699 659 1762 692 Τοῖς
1783 659 1832 694 ζη-

1064 712 1138 729 τουσι
1153 704 1244 738 μαθεῖν
1260 701 1367 731 πόθεν”’
1352 715 1392 731 οτι
1407 704 1551 737 ἀπόστολός
1566 705 1587 732 εἷ
1590 716 1636 742 μι,
1653 703 1670 739 ἢ
1685 708 1739 736 τοῖς
1753 705 1834 742 ἐγκα-

1064 746 1138 775 λουσί
1153 759 1197 785 μοι
1219 749 1254 779 ὡς
1275 748 1402 787 χρήματα
1421 749 1599 787 λαμὸάνοντι,
1613 749 1659 784 ἢ’
1647 751 1765 789 ερωτῶσι
1783 750 1831 785 τὴν

1065 792 1150 821 αἰτίαν
1165 793 1198 821 δι’
1212 793 1244 828 ἢν
1256 795 1283 822 οὐ
1295 794 1423 832 λαμὸάνω
1434 817 1442 830 ,
1454 794 1470 829 ἢ
1480 799 1535 827 τοῖς
1557 795 1743 834 βουλομένοις
1738 807 1771 824 ιιε
1781 796 1833 824 δεῖ·

1065 838 1106 871 ξαι
1127 840 1172 867 οὐκ
1196 839 1259 867 ὄντα
1279 840 1434 876 ἀπόστολον,
1449 842 1465 875 ἡ
1481 841 1596 881 ὑμετέρα
1620 841 1768 880 κατήχησις
1787 841 1834 870 καὶ

1065 887 1148 913 ταῦτα
1162 884 1178 913 ἃ
1193 885 1282 923 με’λλω
1303 886 1398 925 λέγειν,
1419 886 1550 920 ἀπόδειξις
1565 887 1611 916 καὶ
1623 887 1752 926 ἀπολογία
1765 887 1833 927 γίνε-

1064 942 1118 959 ται.
1134 932 1204 960 Ποῖα
1222 931 1252 967 δὴ
1268 935 1366 967 ταῦτα;
1382 932 1429 967 Μὴ
1444 934 1491 962 οὐκ
1501 933 1596 972 ἔχομεν
1613 933 1730 967 ἐξουσίαν
1742 938 1832 973 φαγεῖν

1065 976 1111 1005 καὶ
1123 981 1208 1013 πιεῖν,
1224 977 1260 1015 μὴ
1282 980 1329 1006 οὐκ
1349 978 1443 1017 ἔχομεν
1459 978 1576 1011 ἐξουσίαν
1597 980 1711 1019 ἀδελφὴν
1722 985 1833 1018 γυναῖκα

1064 1023 1213 1062 περιάγειν,
1229 1024 1281 1053 Καὶ
1293 1027 1348 1057 πῶς
1358 1029 1440 1054 ταῦτα
1453 1026 1596 1064 ἃπολογία;
1609 1025 1621 1036 ⁰

1064 1080 1122 1097 νωυ
1125 1081 1151 1097 αι
1163 1070 1207 1097 καὶ
1226 1072 1278 1098 τῶν
1291 1082 1467 1110 συγκεγωρημ
1470 1083 1532 1099 ενων
1548 1071 1725 1111 ἀπεχόμενος,
1742 1074 1789 1101 οὐκ
1801 1071 1832 1100 ἂν

1064 1115 1120 1149 εἴην
1135 1115 1233 1149 δίκαιος
1250 1117 1455 1152 ὑποπτεύεσθαι,
1477 1119 1513 1150 ὡς
1534 1117 1656 1146 ἀπατεὼν
1667 1117 1685 1153 ἢ
1701 1117 1744 1147 ἐπι
1763 1118 1832 1174 χρή-

1649 1038 1675 1054 τι
1695 1026 1757 1055 ὅταν
1770 1026 1832 1066 φαί-

1064 1160 1130 1198 μασί
1142 1173 1167 1189 τι
1177 1164 1268 1190 ποιῶν.
1284 1163 1363 1191 Τάτε
1377 1165 1421 1191 οὐν
1436 1162 1580 1201 ἔμπροσθεν
1595 1164 1739 1203 εἷρημενα,
1753 1164 1798 1192 καὶ
1813 1166 1830 1199 ἠ

1062 1207 1176 1245 ὑμετέρα
1187 1208 1361 1243 διδασκαλία,
1381 1220 1425 1236 και
1442 1221 1542 1243 ταυτα,
1563 1209 1630 1248 ἅπερ
1652 1213 1733 1244 εἷπον,
1757 1212 1833 1249 ἀρκεῖ

1063 1254 1098 1285 εἷς
1109 1254 1252 1292 ἀπολογίαν
1275 1257 1345 1292 ὑμῖν,
1365 1255 1410 1283 καὶ
1432 1255 1498 1295 πρὸς
1512 1255 1630 1288 ἅπαντας
1651 1254 1710 1288 τοὺς
1723 1255 1830 1296 ἀνακρί-

1063 1299 1154 1332 νοντάς
1170 1311 1203 1338 με
1225 1301 1342 1328 ἐντεῦθεν
1363 1299 1495 1338 ἵσταμαι,
1515 1301 1602 1329 ἐκεῖνοί
1627 1313 1656 1329 τε
1678 1300 1761 1340 λέγων
1786 1301 1832 1330 καὶ

1025 1340 1044 1362 D
1061 1344 1221 1380 uun-314,
1234 1347 1280 1373 οὐκ
1291 1345 1371 1384 ἔχομε
1373 1358 1386 1373 ν
1401 1346 1517 1379 ἐξουσίαν
1531 1351 1621 1385 φαγεῖν
1635 1358 1699 1374 και.
1691 1351 1775 1383 πιεῖν,
1793 1347 1830 1385 μὴ

1062 1391 1109 1418 οὔκ
1120 1390 1198 1430 ἔχομε
1188 1403 1213 1419 ν
1224 1391 1341 1424 ἐξουσίαι
1351 1392 1463 1431 ἅδελοην
1476 1397 1587 1430 γυναῖκα
1597 1392 1748 1431 περιάγειν·
1741 1415 1749 1429 ,
1760 1392 1829 1422 Αλλ’

1062 1436 1134 1474 ὅμως
1146 1436 1280 1476 καὶεχων,
1298 1437 1441 1476 ἀπέχομαι.
1456 1438 1492 1467 Τί
1507 1441 1559 1474 οὖν,
1575 1439 1620 1466 οὐκ
1642 1437 1753 1477 ἔτρωγεν
1773 1438 1831 1468 ουδὲ

1061 1481 1146 1517 ἔπινε,
1174 1483 1299 1512 Μάλιστα
1325 1495 1371 1521 μεν
1396 1485 1530 1522 πολλαχοῦ
1556 1482 1616 1513 οὔτε
1639 1483 1752 1524 ἔτρωγεν
1771 1483 1830 1513 οὔτε

1062 1527 1133 1556 ἔπινε
1143 1539 1149 1545 ·
1163 1528 1226 1556 οκαὶ
1239 1528 1289 1567 γὰρ
1301 1528 1346 1557 Ἔν
1360 1531 1429 1568 λιμῷ
1438 1550 1445 1562 ,
1460 1529 1523 1568 φησὶ
1532 1551 1539 1563 ,
1554 1529 1599 1558 καὶ
1614 1524 1698 1568 δίψει,
1711 1531 1737 1558 ἓν
1753 1529 1830 1569 ψύχει

1061 1573 1107 1602 καὶ
1121 1573 1263 1612 γυμνότητι
1275 1574 1448 1614 διετρίέομεν.
1461 1574 1591 1603 Ἐνταῦθα
1606 1575 1696 1612 μέντοι
1710 1575 1737 1604 οὔ
1754 1578 1831 1605 τοῦτο

1063 1619 1147 1657 λέγει,
1171 1619 1238 1648 ἀλλὰ
1263 1619 1310 1655 τί;
1333 1621 1372 1648 Οὐ
1390 1619 1524 1659 τρώγομεν
1548 1619 1604 1649 οὐδὲ
1626 1619 1736 1659 πίνομεν
1757 1621 1831 1660 παρὰ

1062 1670 1114 1697 τῶν
1129 1668 1346 1707 μαθητευομένων
1360 1669 1552 1707 λαμῧάνοντες,
1562 1668 1648 1698 καίτοι
1666 1681 1697 1708 γε
1714 1669 1830 1703 ἐξουσίαν

1061 1719 1164 1758 ἔχοντες
1177 1722 1222 1747 τοῦ
1233 1719 1333 1748 λα’ὅεῖν.
1347 1719 1394 1755 Μὴ
1414 1721 1461 1748 οὐκ
1473 1719 1568 1759 ἔχομεν
1581 1718 1699 1752 ἐξουσίαν
1715 1719 1829 1759 ἀδελφὴν

1061 1772 1173 1806 γυναῖκα
1184 1768 1328 1807 περιάγειν,
1339 1770 1374 1801 ὡς
1387 1768 1432 1797 καὶ
1451 1770 1475 1798 οἱ
1497 1768 1583 1797 λοιποὶ
1596 1768 1738 1797 ἀπόστολοι
1749 1769 1794 1797 καὶ
1807 1771 1830 1798 οἱ

1061 1818 1167 1857 ἀδελφοὶ
1183 1822 1228 1848 τοῦ
1248 1818 1344 1858 Κυρίου
1364 1819 1409 1847 καὶ
1433 1820 1541 1858 Κηφᾶς
1562 1817 1635 1857 ’Όρα
1655 1818 1748 1858 σοφίαν
1760 1830 1766 1836 ·
1785 1818 1830 1847 τὸν

1062 1872 1200 1907 κορυφαῖον
1216 1867 1320 1907 ὕστερον
1336 1868 1449 1897 τέθεικε·
1464 1868 1493 1897 τὸ
1512 1868 1563 1907 γὰρ
1586 1868 1750 1909 ἰσχυρότερον
1777 1870 1830 1897 τῶν

1062 1920 1211 1960 κεφαλαίων
1225 1921 1284 1949 τότε
1296 1921 1404 1949 τίθεται.
1417 1920 1485 1949 Οὐδὲ
1496 1920 1548 1960 γὰρ
1559 1919 1627 1949 οὕτω
1639 1920 1786 1958 θαυμαστὸν
1798 1916 1830 1956 ἦν

1063 1971 1142 2005 δεῖξαι
1155 1971 1214 2004 τοὺς
1227 1972 1318 2004 ἄλλους
1336 1974 1411 1999 τοῦτο
1431 1974 1580 2006 ποιοῦντας,
1604 1973 1639 2004 ὡς
1661 1971 1705 2000 τὸν
1725 1983 1829 2012 πρωτο-

1063 2022 1160 2058 στάτην
1178 2021 1223 2051 καὶ
1247 2022 1294 2054 τὰς
1313 2023 1382 2054 κλεῖς
1405 2021 1611 2059 ἐμπιστευθέντα
1627 2024 1679 2051 τῶν
1704 2024 1829 2062 οὐρανῶν.

1063 2071 1138 2108 Πλὴν
1154 2073 1182 2101 οὐ
1199 2071 1275 2110 μόνον
1289 2071 1400 2106 τίθησιν,
1416 2071 1483 2100 ἀλλὰ
1497 2072 1596 2104 πάντας
1606 2094 1614 2108 ,
1631 2073 1769 2112 μονονουχὶ
1779 2072 1828 2101 λέ-

1063 2136 1132 2162 γων·
1148 2124 1179 2153 ἄν
1195 2135 1224 2152 τε
1243 2123 1458 2163 καταδεεστέρους
1475 2126 1571 2162 ζητῇς,
1587 2123 1617 2152 ἄν
1636 2136 1665 2153 τε
1687 2123 1830 2163 ὑπερέχον-

1064 2187 1127 2209 τας,
1142 2173 1283 2202 ᾱᾶπάντων
1299 2177 1384 2202 κεῖται
1406 2173 1440 2202 τὰ
1459 2173 1650 2212 ὑποδείγματα.
1664 2175 1718 2203 Καὶ
1736 2174 1786 2214 γὰρ
1805 2175 1830 2203 οἱ

1066 2224 1170 2264 ἀδελφοὶ
1184 2227 1229 2252 τοῦ
1244 2223 1340 2264 Κυρίου
1363 2226 1410 2259 τῆς
1423 2223 1550 2264 προτέρας
1571 2224 1694 2257 ἀπιστίας
1712 2225 1831 2253 ἀπαλλα-

1066 2276 1167 2315 γέντες,
1183 2276 1234 2303 τῶν
1258 2274 1372 2312 δοκίμων
1393 2270 1460 2309 ἦσαν
1483 2273 1668 2312 γεγενημένοι,
1689 2274 1772 2303 εἶκαὶ
1792 2274 1830 2313 μὴ

1044 2337 1135 2372 Ζπρος
1160 2337 1218 2358 τους
1239 2324 1398 2357 ἀποστόλους
1416 2323 1532 2362 ἔφθανον.
1553 2324 1602 2352 Διο
1619 2323 1651 2358 δὴ
1667 2336 1712 2353 και
1736 2324 1830 2362 μέσους

274 2371 385 2400 summis
394 2379 530 2410 utrimque
536 2379 638 2411 posuis
645 2373 673 2401 6.
681 2372 744 2401 Aut
753 2384 804 2412 ego
812 2374 891 2403 solus
900 2382 926 2403 et
935 2377 1008 2404 Bar·-
1028 2384 1046 2404 ’1
1072 2375 1185 2408 αὐτους.
1173 2388 1199 2392 -
1190 2376 1295 2411 έθεικεν,
1307 2374 1464 2414 ἑκατερωθεν
1476 2373 1534 2406 τους
1550 2374 1644 2413 ἄκρους
1660 2375 1719 2408 θείς.
1731 2373 1768 2404 Η
1786 2375 1832 2414 μό·

307 2475 320 2493 1)
338 2475 383 2506 [Α.
393 2473 502 2499 breviter
512 2479 560 2501 ἀντὶ
572 2480 611 2501 τοῦ
619 2484 624 2488 ’
634 2482 679 2504 τοῖς
693 2477 802 2508 ζητοῦσα]

305 2521 314 2531 c
333 2512 424 2546 [Λααὶ
435 2518 500 2539 ἄκουε
510 2518 594 2543 πῶς-ἑν
607 2517 674 2547 λιμῷ,
685 2524 743 2539 mox
753 2519 775 2541 ἐν
788 2518 851 2549 *piget
864 2515 967 2548 addens,
979 2526 1028 2549 quo

275 2552 337 2575 maie
349 2552 468 2577 carebant
479 2553 547 2577 Edit?
555 2574 560 2584 ,
575 2559 599 2578 et
610 2555 728 2579 omittens
739 2557 884 2590 διετρίνῗομεν.
897 2562 1028 2589 utrumqne

1299 2428 1313 2442 h

1081 2488 1138 2503 cum
1151 2477 1215 2503 Bihl.
1227 2477 1342 2509 faciem]

1111 2518 1123 2536 ἆ
1143 2519 1203 2550 Reg.
1217 2522 1319 2543 ἁπάντων
1334 2514 1433 2546 melius,
1447 2523 1521 2547 quam
1534 2513 1601 2539 Editi
1616 2518 1712 2541 ina-an.
1735 2516 1738 2518 ’
