1845 2876
540 193 570 215 ΙΝ
599 192 705 215 EPtST.
735 191 759 213 1.
788 189 833 212 AD

65 267 152 294 μενον,
176 255 340 294 συνέγνωσαν
365 255 409 283 ἄν·
435 254 490 283 νυνὶ
508 254 535 284 δὲ
556 252 713 294 κακουργίας
732 252 832 287 πολλ’ῆς

64 302 131 335 εἶναι
153 305 296 344 ἐνομίζετο.
320 305 396 334 Ἔδει
421 305 472 345 γὰρ
491 304 602 341 τάληθὲς
622 305 713 338 εἰπεῖν,
727 302 771 331 καὶ
794 301 831 339 μὴ

63 356 106 384 τὸν
130 356 235 394 οὐρανὸν
259 355 464 394 ἐπαγγείλασθαι
490 355 623 393 ἄνθρωπον
648 353 711 381 ὄντα
730 351 831 387 θνητὸν,

63 405 99 439 ὥς
113 417 186 444 φατε.
212 404 295 434 ”flore
310 405 457 434 τούναντίον
482 406 549 437 εἰκὸς
573 401 604 440 ἦν
626 403 717 436 αὐτοὺς
739 406 832 438 ποιεῖν,

65 455 200 495 κηρύττειν
222 454 270 490 τὴν
295 455 408 491 ἀπάτην,
427 456 472 484 καὶ
486 455 571 494 λέγειν
587 454 662 483 αὐτὸν
679 453 774 492 εἴρωνα
788 452 833 481 καὶ

64 506 162 545 γόητα·
177 505 244 534 οὕτω
258 505 309 545 γὰρ
329 505 357 533 ἂν
373 506 479 534 καὶτῶν
492 505 616 534 κινδύνων
631 504 834 542 ἀπηλλάγησαν,

65 556 134 585 οὕτω
155 556 200 585 καὶ
214 556 256 585 τὸν
270 555 383 594 πόλεμον
397 555 500 585 ἔλυσαν.
524 557 557 585 Εἰ
572 555 622 595 γὰρ
636 559 689 587 τοῖς
703 553 833 593 στρατιώ-

65 619 124 639 ταις
150 606 272 647 ἀργύριον
293 606 392 635 ἔδωκαν
415 609 438 636 οἱ
454 607 576 635 Ἰουδαῖοι
595 606 637 634 ἵνα
657 605 774 640 εἴπωσιν,
794 603 835 632 ὅτι

65 658 177 697 ἔκλεψαν
197 658 227 686 τὸ
246 660 342 696 σῶμα·
362 659 384 686 εἷ
398 657 571 697 παρελθόντες
590 652 660 685 εἶπον
679 657 702 683 οἱ
718 653 835 692 μαθηταὶ

65 707 105 737 ὅτι
121 708 278 748 ἐκλέψαμεν,
302 708 346 737 καὶ
367 708 414 736 οὐκ
430 707 524 743 ἀνέστη
536 730 543 743 ,
565 706 641 738 ποίας
663 705 693 734 ἂν
709 706 756 734 οὔκ
773 699 836 733 ἀπέ-

65 759 166 787 λαυσαν
189 760 282 796 τιμῆς
305 758 390 787 “ficte
410 758 468 793 ἐξῆν
490 760 575 790 αὐτοῖς
591 757 635 786 καὶ
650 758 778 794 τιμᾶσθαι
790 754 835 783 καὶ

65 811 264 848 στεφανοῦσθαι.
294 809 372 842 Τίνος
395 805 439 838 οὖν
463 808 549 837 ἕνεκεν
570 807 599 836 τὸ
621 807 770 846 {sepita-Onu
791 805 836 834 καὶ

65 859 223 888 κινδυνεύειν
244 859 502 894 ἀντικατηλλάξαντο
522 858 630 893 τούτων,
642 859 664 886 εἷ
678 857 714 892 μὴ
731 857 786 885 θεία
797 868 836 888 τις

65 906 97 945 ἦν
112 913 128 945 ἡ
147 910 272 938 πείθουσα
292 909 383 942 αὐτοὺς
404 909 525 946 δύναμις,
549 910 566 942 ἡ
590 907 689 935 τούτων
712 906 835 935 ἁπάντων

66 960 242 999 δυνατωτέρας
264 961 298 989 Ei
321 959 347 988 δὲ
370 958 482 997 μηδέπω
505 958 638 995 πείθομεν,
659 957 761 995 λογίζου
784 958 835 985 κᾶ-

65 1016 148 1041 κεῖνο·
162 1011 202 1041 ὅτι
221 1010 292 1049 εἰμὴ
304 1013 381 1039 τοῦτο
391 1005 437 1044 ἦν,
457 1008 506 1036 κᾶν
518 1009 540 1037 εἰ
553 1007 653 1047 σφόδρα
666 1007 836 1046 παρεσκευά-

66 1065 139 1097 ζοντο
152 1084 160 1099 ,
175 1063 222 1090 οὐκ
242 1060 272 1089 ἂν
291 1062 332 1089 ἐπ’
354 1061 425 1099 αὐτῷ
439 1059 468 1088 τὸ
482 1059 605 1098 κήρυγμα
623 1058 761 1098 ἐκήρυξαν,
776 1059 835 1086 ἀλλ’

66 1113 272 1152 ἀπεστράφησαν
284 1112 360 1141 αὐτόν
371 1134 376 1139 .
391 1115 401 1127 ³
410 1111 481 1140 Ἴστε
493 1110 544 1149 γὰρ
557 1109 597 1138 ὅτι
608 1109 666 1139 οὐδὲ
678 1108 711 1137 τὰ
720 1109 837 1147 ὀνόματα

65 1164 212 1204 βουλόμεθα
227 1165 278 1192 τῶν
293 1162 326 1190 τὰ
339 1165 448 1191 τοιαῦτα
462 1160 623 1189 ἀπατώντων
637 1162 708 1198 ἡμᾶς
722 1159 835 1188 ἀκούειν.

65 1214 144 1247 Τίνος
157 1213 184 1242 δὲ
197 1212 282 1242 ἕνεκεν
295 1212 340 1241 καὶ
352 1212 493 1251 ἐκήρυττον
509 1212 588 1240 αὐτοῦ
602 1210 632 1239 τὸ
647 1211 743 1249 ὄνομ-ας
757 1222 835 1250 προσ-

66 1267 191 1298 δοκῶντες
212 1264 251 1293 ὅτι
275 1263 437 1303 κρατήσουσι
459 1263 491 1290 ’δι’
515 1263 613 1297 αὗτοῧ;
634 1261 687 1290 Καὶ
713 1261 764 1300 μὴν
779 1263 838 1290 τοῦ-

66 1314 167 1343 ναντίον
189 1316 269 1353 ἐχρῆν
285 1314 442 1353 προσδοκᾷν,
459 1313 499 1342 ὅτι
513 1314 535 1341 εἰ
551 1313 596 1341 καὶ
610 1312 719 1351 ἔμελλον
734 1312 837 1351 κρατή-

66 1376 131 1398 σειν,
149 1364 285 1393 ἀπώλοντο
304 1365 454 1395 ἀπατεῶνος
470 1362 552 1401 ὄνομα
567 1362 687 1402 φέροντες
699 1364 734 1395 εἰς
749 1362 838 1400 μέσον.

67 1417 101 1445 Εἰ
115 1415 142 1445 δὲ
157 1415 299 1444 συσκιάσαι
313 1414 346 1443 τὰ
358 1414 473 1454 πρότερα
483 1413 621 1443 ἑὲούλοντο
631 1435 638 1448 ,
653 1413 704 1442 ἔδει
719 1415 837 1452 σιγῆσαι·

67 1469 102 1500 ὡς
122 1467 153 1497 τό
170 1480 200 1507 γε
222 1468 446 1505 ἐπαγωνίζεσθαι,
468 1465 592 1504 μειζόνως
613 1467 713 1500 ἀνῆπτε
733 1465 778 1494 καὶ
794 1464 838 1494 τὸν

67 1518 182 1557 πόλεμον
200 1518 245 1547 καὶ
261 1519 305 1547 τὸν
324 1517 436 1557 γέλωτα.
464 1517 549 1546 Πόθεν
564 1512 608 1546 οὖν
628 1518 739 1552 ἐπῆλθεν
754 1518 839 1550 αὐτοῖς

68 1571 219 1599 ἀναπλάσαι
235 1571 359 1604 τοιαῦτα,
376 1568 421 1597 καὶ
441 1567 492 1608 γὰρ
507 1568 573 1607 ἅπερ
588 1567 712 1602 ἥκουσαν,
731 1567 839 1596 ἀπώλε-

67 1632 128 1650 σαν.
158 1621 192 1649 Εἰ
220 1619 246 1648 δὲ
271 1620 318 1648 οὖκ
337 1619 409 1651 ὄντος
424 1618 504 1658 φόὲου
519 1617 606 1646 πολλὰ
625 1617 839 1651 ἐπελανθάνοντο,

67 1671 112 1700 καὶ
126 1670 185 1699 τινὰ
197 1669 255 1698 οὐδὲ
267 1670 364 1703 ἐνόουν,
379 1668 465 1701 καθὼς
479 1668 522 1697 καὶ
541 1670 553 1696 ὃ
568 1668 754 1706 εὖαγγελιστής
766 1679 840 1706 φησι,

67 1720 189 1750 τοσούτου
205 1720 322 1749 κινδύνου
337 1718 543 1753 καταλαῧόντος,
558 1720 614 1750 πῶς
629 1718 675 1745 οὐκ
691 1716 720 1744 ἂν
736 1717 841 1746 ἅπαντα

69 1774 152 1800 αὐτῶν
175 1771 296 1807 ἀπέπτη;
320 1770 374 1799 Καὶ
392 1769 418 1798 τί
441 1769 510 1807 λέγω
533 1768 566 1797 τὰ
582 1768 705 1808 ῥῆματα;
726 1768 792 1797 ὅπου
811 1780 840 1806 γε

68 1822 113 1851 καὶ
131 1826 144 1851 ὁ
158 1822 223 1861 πρὸς
243 1822 318 1850 αὐτὸν
336 1820 380 1848 τὸν
396 1820 552 1848 διδάσκαλον
567 1819 645 1851 πόθος
661 1818 749 1857 ἠρέμα
763 1830 840 1846 κατε-

70 1873 212 1913 μαραίνετο
230 1874 268 1911 τῷ
286 1872 359 1911 φόέῳ
378 1873 430 1899 τῶν
452 1869 597 1908 ἐσομένων·
615 1869 679 1908 ὅπερ
695 1869 782 1901 αὐτοῖς
795 1872 840 1901 καὶ

70 1924 212 1953 ὠνείδισεν.
233 1922 344 1957 Ἐπειδὴ
363 1921 415 1961 γὰρ
433 1921 485 1960 πρὸ
505 1920 594 1949 τούτου
610 1918 657 1957 μὲν
673 1920 841 1959 ἐκκρεμάμε-

70 1987 108 2004 νοι
125 1976 202 2004 αὐτοῦ
214 1997 222 2010 ,
244 1975 358 2012 συνεχῶς
379 1971 505 2012 ἠρώτων,
527 1973 577 2000 ποῦ
592 1971 715 2009 ὑπάγεις;
733 1970 840 2009 ὕστερον

70 2025 96 2054 δὲ
106 2048 114 2061 ,
134 2025 178 2055 ὅτε
193 2024 252 2057 τοὺς
267 2022 383 2062 μακροὺς
398 2022 518 2051 ἀπέτεινε
531 2022 624 2059 λόγους
637 2020 671 2049 τὰ
691 2020 763 2050 δεινὰ
778 2021 839 2056 διη-

69 2075 195 2114 γούμενος
214 2075 248 2104 τὰ
272 2075 336 2114 παρ’
352 2073 428 2102 αὐτὸν
444 2073 487 2102 τὸν
503 2072 614 2111 σταυρὸν
635 2072 842 2111 καταληψόμενοι

71 2126 164 2159 αὐτοὺς
174 2149 181 2163 ,
200 2121 257 2155 εἶτα
269 2128 307 2165 τῷ
324 2125 376 2154 δέει
389 2124 516 2164 παγέντες
533 2124 706 2162 ἐναπέμειναν
718 2126 826 2163 ἀχανεῖς
835 2135 841 2142 ·

71 2178 181 2206 ἄκουσον
195 2179 251 2207 πῶς
265 2179 341 2205 τοῦτο
356 2177 418 2205 αὐτὸ
430 2175 554 2215 προφέρει
570 2176 656 2208 αὐτοῖς
668 2175 752 2213 λέγων
765 2187 771 2192 ·
786 2176 843 2204 Οὖ-

72 2228 123 2261 &ak
135 2228 160 2261 ἐξ
172 2229 245 2266 ὑμῶν
262 2228 347 2267 ἐρωτᾷ
362 2238 410 2264 με,
425 2228 474 2255 ποῧ
490 2225 598 2264 ὑπάγεις
612 2237 618 2259 ;
638 2225 694 2254 ἀλλ’
711 2226 749 2254 ὅτι
764 2225 842 2254 λελά-

71 2280 141 2314 ληκα
151 2280 212 2316 ὑμῖν
225 2280 318 2313 ταῦτα,
331 2279 348 2311 ἡ
362 2277 433 2311 λύπη
444 2276 618 2316 πεπλήρωκεν
631 2278 703 2314 ὑμῶν
718 2276 764 2312 τὴν
776 2288 843 2316 καρ-

71 2328 139 2358 δίαν.
174 2329 207 2357 Εἰ
229 2327 315 2356 τοίνυν
342 2327 537 2366 προσδοκῶντες
559 2326 634 2355 αὐτὸν
658 2328 842 2355 ἀποθανεῖσθαι
860 2332 878 2355 Ε

71 2380 117 2409 καὶ
132 2379 324 2415 ἀναστήσεσθαι
337 2378 418 2410 οὕτως
435 2378 541 2415 ἤλγουν,
556 2377 705 2406 ἀναστάντα
716 2377 791 2406 αὐτὸν
805 2376 842 2415 μὴ

73 2428 188 2464 ἰδόντες,
211 2431 268 2461 πῶς
283 2430 330 2458 οὔκ
352 2427 382 2456 ἂν
410 2427 562 2461 ἀπώλοντο,
587 2427 632 2456 καὶ
651 2429 688 2460 εἷς
706 2427 787 2463 αὐτὴν
812 2428 843 2456 ἂν

107 2545 116 2555 ³
128 2536 190 2568 [nic
204 2534 301 2559 addunt
314 2534 341 2557 A.
355 2534 382 2559 B.
397 2535 432 2559 δά
445 2537 519 2561 τοῦτο,
532 2536 542 2558 2
557 2534 636 2564 Hyan]

859 189 935 211 con.
965 189 1083 212 nomn.
1114 189 1150 211 v.
1582 176 1628 221 45

886 249 984 285 missis,
997 249 1150 278 induxisset
1163 255 1192 278 ut
1204 249 1308 287 domos,
1322 256 1444 289 parentes
1454 256 1479 278 ct
1491 249 1580 278 omnia
1592 259 1628 277 re-

886 295 1047 334 linquerent,
1063 295 1135 335 quod
1149 302 1231 324 totam
1245 295 1403 325 Judaeorum
1419 302 1522 334 gentem
1536 301 1629 324 contra

887 353 914 371 se
925 343 1085 377 suscitasset,
1096 354 1127 372 ac
1140 354 1167 372 se
1189 342 1360 382 prodidisset.
1376 342 1457 378 Quod
1479 342 1499 371 si
1514 341 1583 371 illud
1595 352 1629 370 ex

886 387 1041 417 infirmitate
1063 390 1163 418 factum
1186 389 1288 425 fuisset,
1312 389 1341 417 id
1366 389 1543 427 ignovissent;
1559 399 1630 417 nunc

886 445 951 464 vero
967 435 1166 464 existimaretur
1180 446 1214 464 ex
1235 435 1406 474 improbitate
1420 435 1528 464 sactum.
1541 436 1630 474 Opor—

887 481 959 510 tebat
968 481 1039 510 enim
1050 492 1144 510 verum
1153 481 1251 518 dicere,
1259 492 1344 520 neque
1356 481 1450 510 caelum
1462 481 1629 520 promittere,

888 527 968 556 homo
983 538 1045 556 cum
1059 535 1125 557 esset
1139 527 1303 564 mortalis‚ut
1318 527 1417 556 dicitis.
1431 527 1521 561 Quare
1534 527 1631 556 verisi-

888 573 975 602 mis-ile
989 580 1028 602 cst
1041 574 1173 602 contraria
1187 574 1304 602 facturos
1315 573 1549 609 fuisse‚fallaciam
1561 583 1630 612 prze-

887 621 1030 659 dictum-os,
1045 630 1070 651 et
1089 622 1209 651 dicturos
1223 622 1312 661 ipsum
1326 621 1510 650 simulatorem
1524 628 1549 649 et
1561 631 1630 660 prae-

887 669 1052 708 stigiatorem
1066 669 1147 698 fuisse
1163 681 1169 696 :
1182 669 1221 697 sic
1247 668 1317 697 enim
1331 679 1365 697 ex
1379 667 1506 707 periculis
1525 666 1631 695 liberati

888 715 1008 753 fuissent,
1017 715 1054 744 sic
1064 715 1166 743 bellum
1175 713 1358 744 solvissent&
1366 713 1437 742 enim
1447 712 1579 742 militibus
1586 723 1631 752 pe-

890 761 998 789 cuniam
1011 761 1141 790 dederuut
1152 760 1251 795 Judaei,
1263 759 1430 796 indicerent,
1442 759 1515 799 ipsos
1534 769 1631 798 corpus

890 807 960 835 furto
970 807 1125 843 sustulisse;
1137 807 1158 835 si
1172 806 1324 835 accedentes
1338 816 1382 834 eos
1400 805 1528 844 discipuli
1545 804 1632 834 dixis·

890 860 957 890 sent,
972 854 1063 891 Ipsum
1078 852 1158 881 furati
1179 862 1283 886 sumus,
1298 862 1344 880 nec
1367 851 1529 879 resurrexit:
1547 861 1631 889 quan-

890 905 917 927 to
933 909 985 927 non
995 899 1083 928 affecti
1096 899 1206 927 fuissent
1222 898 1342 927 honore?
1352 897 1421 937 Ipsis
1437 897 1526 936 itaque
1535 897 1633 926 licebat

890 945 1016 973 honorari
1032 951 1056 973 et
1069 945 1199 973 coronari.
1212 945 1267 972 Cur
1281 955 1345 983 ergo
1367 943 1536 972 contumeliis
1560 943 1633 972 affici

889 997 914 1018 et
922 989 1069 1029 periclitari
1080 990 1240 1026 maluerunt,
1248 989 1299 1018 nisi
1307 989 1401 1018 divina
1413 989 1537 1027 quaedam
1546 990 1634 1018 virtus

889 1037 1035 1065 suissethis
1047 1036 1171 1065 omnibus
1186 1036 1327 1076 potentior,
1344 1046 1402 1074 quae
1417 1035 1445 1064 id
1459 1036 1524 1075 ipsis
1539 1036 1634 1065 suade-

890 1083 948 1111 ret?
961 1083 1009 1112 Sin
1029 1089 1118 1111 autem
1133 1081 1252 1111 nondum
1266 1081 1467 1122 persuademus,
1482 1081 1552 1110 illud
1567 1092 1635 1120 quo-

891 1140 943 1168 que
959 1129 1155 1169 cogitamthoe
1169 1139 1221 1157 non
1236 1135 1312 1164 esset,
1324 1128 1427 1157 etiamsi
1441 1127 1520 1157 valde
1535 1139 1636 1167 [irrepa-

891 1176 942 1204 rati
952 1177 1072 1211 fuissent,
1082 1185 1133 1204 non
1144 1173 1346 1214 praedicandum
1358 1174 1436 1203 illum
1448 1174 1635 1213 suscepissent,

892 1222 938 1251 sed
951 1221 1066 1251 aversati
1080 1221 1158 1250 illum
1173 1221 1292 1249 fuissent.
1310 1220 1391 1250 Scitis
1407 1220 1476 1248 enim
1489 1230 1536 1248 nos
1548 1230 1580 1248 ne
1591 1230 1637 1248 no-

892 1268 964 1297 mina
976 1267 1086 1306 quidem
1099 1277 1201 1302 eorum,
1216 1266 1262 1304 qui
1274 1276 1321 1294 nos
1334 1266 1370 1294 ita
1385 1265 1548 1304 deceperint,
1562 1265 1637 1294 audi-

892 1325 921 1343 re
935 1314 1014 1343 velle.
1035 1314 1091 1342 Cur
1107 1320 1195 1341 autem
1210 1323 1306 1341 nomen
1321 1313 1377 1351 ejus
1391 1311 1591 1351 praedicarunt?
1603 1322 1637 1340 an

892 1360 965 1399 quod
979 1366 1165 1399 exspectarent
1179 1369 1207 1387 se
1218 1369 1266 1398 per
1279 1358 1356 1387 illum
1371 1365 1542 1398 superaturos
1562 1358 1638 1386 esse?

893 1406 976 1445 Atqui
991 1405 1155 1435 eontrarium
1165 1404 1375 1444 exspectandum
1389 1411 1454 1441 erat,
1461 1404 1524 1443 quia
1535 1404 1639 1433 etiamsi

892 1452 1042 1492 superaturi
1058 1458 1153 1486 esseut,
1170 1451 1312 1490 periissent
1327 1449 1475 1490 deceptoris
1498 1460 1594 1479 nomen
1609 1450 1637 1478 in

893 1498 1013 1528 medium
1028 1497 1232 1527 afferentes.Sin
1248 1503 1338 1526 autem
1353 1496 1479 1525 volebant
1492 1496 1583 1536 priora
1594 1507 1639 1525 oc-

894 1545 1005 1583 cultare,
1023 1551 1110 1573 tacere
1135 1543 1274 1582 oportebat
1286 1554 1292 1570 :
1305 1553 1367 1571 nam
1395 1542 1531 1571 decertare
1554 1543 1640 1581 magis

894 1591 1034 1620 excitasset
1056 1597 1081 1619 et
1105 1589 1209 1618 bellum
1234 1595 1259 1617 et
1273 1588 1369 1617 risum.
1386 1588 1467 1617 [nde
1488 1598 1551 1627 ergo
1565 1588 1641 1617 venit

895 1637 950 1665 illis
964 1637 990 1665 iu
1012 1643 1128 1664 mentem
1153 1642 1183 1664 ut
1206 1635 1263 1663 hacc
1287 1634 1489 1672 confingerent?
1505 1644 1568 1662 nam
1592 1634 1640 1663 illa

895 1693 953 1721 quae
970 1682 1021 1721 ipsi
1038 1681 1188 1717 audierant,
1201 1680 1366 1708 exciderant,
1377 1679 1457 1714 Quod
1467 1679 1489 1708 si
1504 1690 1566 1708 cum
1580 1680 1641 1709 nul-

895 1729 937 1757 lus
950 1735 1016 1757 esset
1029 1727 1116 1760 timor,
1125 1726 1273 1755 multorum
1284 1725 1521 1761 obliviscebantur,
1536 1733 1561 1754 et
1573 1737 1641 1764 quae-

859 1777 878 1800 D
895 1776 958 1804 dam
984 1786 1037 1804 non
1062 1774 1249 1812 intelligebant
1263 1779 1304 1811 ut,
1319 1773 1399 1813 etiam
1414 1773 1576 1812 evangelista
1590 1774 1639 1812 ait,
1665 1765 1667 1767 ‚

894 1830 967 1853 tanto
989 1822 1144 1851 imminente
1165 1821 1293 1860 periculo,
1314 1819 1449 1859 quomodo
1473 1831 1526 1849 non
1551 1821 1641 1850 omnia

894 1870 930 1899 ab
949 1869 1004 1898 illis
1031 1867 1202 1897 avolasscnt?
1223 1869 1258 1896 Et
1287 1866 1353 1905 quid
1378 1866 1439 1895 dico
1460 1867 1554 1905 verba,
1578 1878 1640 1896 cum

895 1917 1017 1945 futurum
1043 1921 1124 1952 esset,
1148 1920 1178 1942 ut
1203 1913 1326 1952 magistri
1357 1924 1432 1942 amor
1457 1920 1528 1942 metu
1562 1914 1640 1942 futu-

896 1973 987 1991 rorum
1000 1961 1097 1990 sensim
1110 1960 1303 1989 marcesceret?
1315 1960 1388 1999 quod
1401 1960 1481 1989 etiam
1503 1960 1567 2000 ipsis
1586 1971 1641 1990 ex-

897 2009 1047 2048 probravit,
1067 2008 1137 2036 Nam
1151 2017 1213 2035 eum
1231 2013 1307 2035 antea
1321 2006 1431 2044 quidem
1447 2006 1481 2034 ab
1505 2006 1552 2035 illo
1576 2017 1641 2046 pen-

896 2056 988 2084 dentes
995 2055 1145 2092 frequenter
1158 2052 1360 2090 interrogarent,
1369 2054 1430 2088 Quo
1440 2052 1518 2081 vadis
1527 2052 1540 2080 1³
1552 2059 1640 2092 postea

896 2109 997 2138 autem,
1011 2110 1073 2129 cum
1097 2099 1191 2138 longos
1206 2098 1294 2127 texuit
1308 2109 1452 2134 sermones,
1472 2099 1541 2127 mala
1566 2109 1642 2127 enar·

898 2160 959 2178 rans
979 2158 1037 2186 quae
1056 2154 1176 2186 tempore
1203 2146 1290 2174 crucis
1313 2145 1384 2185 ipsos
1408 2146 1534 2175 invasura
1559 2153 1642 2184 erant,

897 2195 1047 2233 deindeque
1058 2200 1129 2222 metu
1143 2192 1227 2221 defixi
1244 2203 1306 2221 cum
1318 2193 1422 2221 hiantes
1440 2193 1480 2221 illi
1494 2199 1638 2227 manerent,

897 2241 960 2270 audi
975 2239 1111 2280 quomodo
1133 2239 1171 2268 eis
1185 2238 1236 2267 hoc
1251 2239 1369 2278 proferat
1383 2239 1485 2267 diceus:
1498 2240 1591 2267 Nemo
1604 2249 1641 2268 ex
1652 2247 1789 2271 Joan.16.5.

898 2290 992 2323 vobis,
1007 2289 1167 2324 interrogat
1177 2295 1232 2319 me,
1249 2286 1312 2323 Quo
1325 2286 1431 2313 vadis?
1441 2286 1491 2313 sed
1501 2286 1571 2323 quia
1580 2286 1640 2314 Izaec
1651 2280 1674 2302 ⁶·

899 2337 1035 2375 loquutus
1050 2343 1113 2361 sum
1125 2333 1219 2365 vobis,
1235 2333 1353 2360 tristitia
1370 2331 1499 2369 implevit
1521 2341 1572 2359 cor
1589 2341 1643 2360 ve-

898 2388 999 2411 strum.
1016 2379 1045 2409 Si
1059 2389 1122 2417 ergo
1139 2384 1286 2417 spectantes
1300 2377 1375 2404 illum
1389 2376 1548 2404 moriturum
1564 2383 1590 2405 et
1603 2387 1643 2406 re-

898 2433 1082 2457 surrecturum
1107 2434 1163 2454 esse
1175 2446 1184 2462 ,
1217 2423 1253 2452 ita
1276 2422 1403 2451 dolebant
1415 2433 1424 2460 3
1452 2421 1474 2451 si
1500 2432 1643 2462 resurgen-
