<?xml version="1.0" encoding="UTF-8"?>
<!DOCTYPE html PUBLIC "-//W3C//DTD XHTML 1.0 Transitional//EN"
    "http://www.w3.org/TR/xhtml1/DTD/xhtml1-transitional.dtd">
<html xmlns="http://www.w3.org/1999/xhtml" xml:lang="en" lang="en">
 <head>
  <title>
</title>
<meta http-equiv="Content-Type" content="text/html;charset=utf-8" />
  <meta name='ocr-system' content='tesseract 3.04.00' />
  <meta name='ocr-capabilities' content='ocr_page ocr_carea ocr_par ocr_line ocrx_word'/>
</head>
<body>
  <div class='ocr_page' id='page_1' title='image "./operaomniaquaeex10johnuoft/operaomniaquaeex10johnuoft_0546.png"; bbox 0 0 1906 2866; ppageno 0'>
   <div class='ocr_carea' id='block_1_1' title="bbox 273 191 635 225">
    <p class='ocr_par' dir='ltr' id='par_1_1' title="bbox 273 191 635 225">
     <span class='ocr_line' id='line_1_1' title="bbox 273 191 635 225; baseline -0.003 0"><span class='ocrx_word' id='word_1_1' title='bbox 273 191 342 225; x_wconf 74' lang='lat'>530</span> <span class='ocrx_word' id='word_1_2' title='bbox 607 203 635 224; x_wconf 83' lang='lat' dir='ltr'>s.</span> 
     </span>
    </p>
   </div>
   <div class='ocr_carea' id='block_1_2' title="bbox 272 262 1012 428">
    <p class='ocr_par' dir='ltr' id='par_1_2' title="bbox 272 262 1012 428">
     <span class='ocr_line' id='line_1_2' title="bbox 272 262 1010 302; baseline 0 -11"><span class='ocrx_word' id='word_1_3' title='bbox 272 263 401 302; x_wconf 83' lang='lat' dir='ltr'>nignitate</span> <span class='ocrx_word' id='word_1_4' title='bbox 420 262 528 291; x_wconf 85' lang='lat' dir='ltr'>Domini</span> <span class='ocrx_word' id='word_1_5' title='bbox 549 263 632 291; x_wconf 76' lang='lat' dir='ltr'>nostri</span> <span class='ocrx_word' id='word_1_6' title='bbox 654 264 717 293; x_wconf 90' lang='lat' dir='ltr'>Jcsu</span> <span class='ocrx_word' id='word_1_7' title='bbox 739 263 859 300; x_wconf 76' lang='lat' dir='ltr'>Christi,</span> <span class='ocrx_word' id='word_1_8' title='bbox 874 273 936 291; x_wconf 88' lang='lat' dir='ltr'>cum</span> <span class='ocrx_word' id='word_1_9' title='bbox 957 274 1010 301; x_wconf 90' lang='lat' dir='ltr'>quo</span> 
     </span>
     <span class='ocr_line' id='line_1_3' title="bbox 272 308 1011 347; baseline 0 -11"><span class='ocrx_word' id='word_1_10' title='bbox 272 309 345 337; x_wconf 85' lang='lat' dir='ltr'>Patri</span> <span class='ocrx_word' id='word_1_11' title='bbox 362 308 494 346; x_wconf 87' lang='lat' dir='ltr'>simulque</span> <span class='ocrx_word' id='word_1_12' title='bbox 507 315 597 336; x_wconf 80' lang='lat' dir='ltr'>sancto</span> <span class='ocrx_word' id='word_1_13' title='bbox 611 308 723 347; x_wconf 87' lang='lat' dir='ltr'>Spiritui</span> <span class='ocrx_word' id='word_1_14' title='bbox 741 308 835 347; x_wconf 76' lang='lat' dir='ltr'>gloria,</span> <span class='ocrx_word' id='word_1_15' title='bbox 851 308 993 347; x_wconf 78' lang='lat' dir='ltr'>imperium</span> <span class='ocrx_word' id='word_1_16' title='bbox 1005 331 1011 343; x_wconf 92' lang='lat'>,</span> 
     </span>
     <span class='ocr_line' id='line_1_4' title="bbox 272 353 1012 392; baseline -0.004 -10"><span class='ocrx_word' id='word_1_17' title='bbox 272 354 369 389; x_wconf 79' lang='lat' dir='ltr'>bonory</span> <span class='ocrx_word' id='word_1_18' title='bbox 384 364 455 382; x_wconf 82' lang='lat' dir='ltr'>nunc</span> <span class='ocrx_word' id='word_1_19' title='bbox 474 360 500 382; x_wconf 90' lang='lat' dir='ltr'>et</span> <span class='ocrx_word' id='word_1_20' title='bbox 519 364 632 392; x_wconf 78' lang='lat' dir='ltr'>semper,</span> <span class='ocrx_word' id='word_1_21' title='bbox 647 361 673 382; x_wconf 85' lang='lat' dir='ltr'>et</span> <span class='ocrx_word' id='word_1_22' title='bbox 691 353 718 382; x_wconf 91' lang='lat' dir='ltr'>iu</span> <span class='ocrx_word' id='word_1_23' title='bbox 737 354 832 382; x_wconf 65' lang='lat' dir='ltr'>saecula</span> <span class='ocrx_word' id='word_1_24' title='bbox 847 353 1012 381; x_wconf 59' lang='lat' dir='ltr'>saeculorum.</span> 
     </span>
     <span class='ocr_line' id='line_1_5' title="bbox 274 401 368 428; baseline 0.011 -1"><span class='ocrx_word' id='word_1_25' title='bbox 274 401 368 428; x_wconf 78' lang='lat' dir='ltr'>Amen.</span> 
     </span>
    </p>
   </div>
   <div class='ocr_carea' id='block_1_3' title="bbox 663 202 1486 228">
    <p class='ocr_par' dir='ltr' id='par_1_3' title="bbox 663 202 1486 228">
     <span class='ocr_line' id='line_1_6' title="bbox 663 202 1486 228; baseline 0.004 -4"><span class='ocrx_word' id='word_1_26' title='bbox 663 202 801 225; x_wconf 65' lang='lat' dir='ltr'>JOANMS</span> <span class='ocrx_word' id='word_1_27' title='bbox 827 203 1006 226; x_wconf 73' lang='lat' dir='ltr'><strong>CHRYSOST.</strong></span> <span class='ocrx_word' id='word_1_28' title='bbox 1038 205 1190 228; x_wconf 77' lang='lat' dir='ltr'>ARCfflEi‘.</span> <span class='ocrx_word' id='word_1_29' title='bbox 1220 204 1486 227; x_wconf 71' lang='lat' dir='ltr'><strong>CONSTANTINOP-</strong></span> 
     </span>
    </p>
   </div>
   <div class='ocr_carea' id='block_1_4' title="bbox 1062 263 1829 348">
    <p class='ocr_par' dir='ltr' id='par_1_4' title="bbox 1062 263 1829 348">
     <span class='ocr_line' id='line_1_7' title="bbox 1062 263 1829 303; baseline 0.005 -11"><span class='ocrx_word' id='word_1_30' title='bbox 1062 267 1100 303; x_wconf 78' lang='grc' dir='ltr'>τῷ</span> <span class='ocrx_word' id='word_1_31' title='bbox 1114 265 1180 303; x_wconf 84' lang='grc' dir='ltr'>ἁγίῳ</span> <span class='ocrx_word' id='word_1_32' title='bbox 1195 263 1331 301; x_wconf 83' lang='grc' dir='ltr'>Πνεύματι</span> <span class='ocrx_word' id='word_1_33' title='bbox 1353 264 1427 299; x_wconf 78' lang='grc' dir='ltr'>δόξα,</span> <span class='ocrx_word' id='word_1_34' title='bbox 1440 264 1548 302; x_wconf 79' lang='grc' dir='ltr'>κράτος,</span> <span class='ocrx_word' id='word_1_35' title='bbox 1563 265 1628 302; x_wconf 86' lang='grc' dir='ltr'>τιμὴ</span> <span class='ocrx_word' id='word_1_36' title='bbox 1639 288 1646 302; x_wconf 91' lang='grc'>,</span> <span class='ocrx_word' id='word_1_37' title='bbox 1658 268 1703 294; x_wconf 75' lang='grc' dir='ltr'>νῦν</span> <span class='ocrx_word' id='word_1_38' title='bbox 1723 267 1767 296; x_wconf 82' lang='grc' dir='ltr'>καὶ</span> <span class='ocrx_word' id='word_1_39' title='bbox 1779 267 1829 303; x_wconf 78' lang='grc' dir='ltr'>ἀεὶ,</span> 
     </span>
     <span class='ocr_line' id='line_1_8' title="bbox 1066 309 1635 348; baseline 0.005 -12"><span class='ocrx_word' id='word_1_40' title='bbox 1066 309 1110 337; x_wconf 84' lang='grc' dir='ltr'>καὶ</span> <span class='ocrx_word' id='word_1_41' title='bbox 1121 311 1156 341; x_wconf 83' lang='grc' dir='ltr'>εἰς</span> <span class='ocrx_word' id='word_1_42' title='bbox 1170 309 1229 341; x_wconf 75' lang='grc' dir='ltr'>τοὺς</span> <span class='ocrx_word' id='word_1_43' title='bbox 1246 310 1341 342; x_wconf 79' lang='grc' dir='ltr'>αἰῶνας</span> <span class='ocrx_word' id='word_1_44' title='bbox 1351 311 1402 337; x_wconf 85' lang='grc' dir='ltr'>τῶν</span> <span class='ocrx_word' id='word_1_45' title='bbox 1417 309 1527 338; x_wconf 79' lang='grc' dir='ltr'>αἰώνων.</span> <span class='ocrx_word' id='word_1_46' title='bbox 1544 309 1635 348; x_wconf 79' lang='grc' dir='ltr'>Ἀμήν.</span> 
     </span>
    </p>
   </div>
   <div class='ocr_carea' id='block_1_5' title="bbox 401 491 1676 499">
    <p class='ocr_par' dir='ltr' id='par_1_5' title="bbox 401 491 1676 499">
     <span class='ocr_line' id='line_1_9' title="bbox 401 491 1676 499; baseline 0 0"><span class='ocrx_word' id='word_1_47' title='bbox 401 491 1676 499; x_wconf 95' lang='lat' dir='ltr'> </span> 
     </span>
    </p>
   </div>
   <div class='ocr_carea' id='block_1_6' title="bbox 535 499 1637 506">
    <p class='ocr_par' dir='ltr' id='par_1_6' title="bbox 535 499 1637 506">
     <span class='ocr_line' id='line_1_10' title="bbox 535 499 1637 506; baseline 0 0"><span class='ocrx_word' id='word_1_48' title='bbox 535 499 1637 506; x_wconf 95' lang='lat' dir='ltr'> </span> 
     </span>
    </p>
   </div>
   <div class='ocr_carea' id='block_1_7' title="bbox 534 575 761 604">
    <p class='ocr_par' dir='ltr' id='par_1_7' title="bbox 534 575 761 604">
     <span class='ocr_line' id='line_1_11' title="bbox 534 575 761 604; baseline -0.009 0"><span class='ocrx_word' id='word_1_49' title='bbox 534 575 691 604; x_wconf 68' lang='grc' dir='ltr'>ΗΟΜΙΙᾸΑ</span> <span class='ocrx_word' id='word_1_50' title='bbox 712 575 761 602; x_wconf 76' lang='lat' dir='ltr'>lv.</span> 
     </span>
    </p>
   </div>
   <div class='ocr_carea' id='block_1_8' title="bbox 277 664 1013 784">
    <p class='ocr_par' dir='ltr' id='par_1_8' title="bbox 277 664 1013 784">
     <span class='ocr_line' id='line_1_12' title="bbox 277 664 1011 703; baseline -0.005 -8"><span class='ocrx_word' id='word_1_51' title='bbox 277 667 344 695; x_wconf 59' lang='lat' dir='ltr'>Cap,</span> <span class='ocrx_word' id='word_1_52' title='bbox 357 667 377 694; x_wconf 89' lang='lat'>1.</span> <span class='ocrx_word' id='word_1_53' title='bbox 391 677 417 694; x_wconf 72' lang='lat' dir='ltr'>v.</span> <span class='ocrx_word' id='word_1_54' title='bbox 436 667 482 693; x_wconf 54' lang='lat'>35.</span> <span class='ocrx_word' id='word_1_55' title='bbox 495 667 558 703; x_wconf 73' lang='lat' dir='ltr'>Ego</span> <span class='ocrx_word' id='word_1_56' title='bbox 573 671 671 692; x_wconf 77' lang='lat' dir='ltr'>autem</span> <span class='ocrx_word' id='word_1_57' title='bbox 688 670 787 691; x_wconf 81' lang='lat' dir='ltr'>testem</span> <span class='ocrx_word' id='word_1_58' title='bbox 802 664 897 691; x_wconf 79' lang='lat' dir='ltr'>Deum</span> <span class='ocrx_word' id='word_1_59' title='bbox 909 665 1011 692; x_wconf 80' lang='lat' dir='ltr'>invoco</span> 
     </span>
     <span class='ocr_line' id='line_1_13' title="bbox 312 710 1013 747; baseline -0.003 -8"><span class='ocrx_word' id='word_1_60' title='bbox 312 714 343 739; x_wconf 86' lang='lat' dir='ltr'>in</span> <span class='ocrx_word' id='word_1_61' title='bbox 359 713 489 739; x_wconf 81' lang='lat' dir='ltr'>animam</span> <span class='ocrx_word' id='word_1_62' title='bbox 503 720 608 745; x_wconf 81' lang='lat' dir='ltr'>meam,</span> <span class='ocrx_word' id='word_1_63' title='bbox 627 710 705 747; x_wconf 79' lang='lat' dir='ltr'>quod</span> <span class='ocrx_word' id='word_1_64' title='bbox 720 719 844 747; x_wconf 72' lang='lat' dir='ltr'>parcens</span> <span class='ocrx_word' id='word_1_65' title='bbox 853 710 937 737; x_wconf 81' lang='lat' dir='ltr'>vobis</span> <span class='ocrx_word' id='word_1_66' title='bbox 955 720 1013 737; x_wconf 82' lang='lat' dir='ltr'>non</span> 
     </span>
     <span class='ocr_line' id='line_1_14' title="bbox 312 755 667 784; baseline -0.008 0"><span class='ocrx_word' id='word_1_67' title='bbox 312 757 392 784; x_wconf 78' lang='lat' dir='ltr'>ultra.</span> <span class='ocrx_word' id='word_1_68' title='bbox 404 758 473 784; x_wconf 73' lang='lat' dir='ltr'>veni</span> <span class='ocrx_word' id='word_1_69' title='bbox 486 755 667 783; x_wconf 80' lang='lat' dir='ltr'><em>Corinthum.</em></span> 
     </span>
    </p>
   </div>
   <div class='ocr_carea' id='block_1_9' title="bbox 269 845 1016 2613">
    <p class='ocr_par' dir='ltr' id='par_1_9' title="bbox 269 845 1016 2613">
     <span class='ocr_line' id='line_1_15' title="bbox 311 845 1013 884; baseline -0.001 -10"><span class='ocrx_word' id='word_1_70' title='bbox 311 849 339 874; x_wconf 77' lang='lat' dir='ltr'>t.</span> <span class='ocrx_word' id='word_1_71' title='bbox 359 846 434 881; x_wconf 84' lang='lat' dir='ltr'><strong>Quid</strong></span> <span class='ocrx_word' id='word_1_72' title='bbox 450 846 498 881; x_wconf 83' lang='lat' dir='ltr'>ais⁷</span> <span class='ocrx_word' id='word_1_73' title='bbox 513 846 588 874; x_wconf 85' lang='lat' dir='ltr'>beate</span> <span class='ocrx_word' id='word_1_74' title='bbox 602 845 706 874; x_wconf 70' lang='lat' dir='ltr'>Paule?</span> <span class='ocrx_word' id='word_1_75' title='bbox 720 855 831 884; x_wconf 82' lang='lat' dir='ltr'>parcens</span> <span class='ocrx_word' id='word_1_76' title='bbox 847 845 885 873; x_wconf 89' lang='lat' dir='ltr'>cis</span> <span class='ocrx_word' id='word_1_77' title='bbox 899 855 951 874; x_wconf 91' lang='lat' dir='ltr'>non</span> <span class='ocrx_word' id='word_1_78' title='bbox 966 856 1013 873; x_wconf 68' lang='lat' dir='ltr'>ve-</span> 
     </span>
     <span class='ocr_line' id='line_1_16' title="bbox 271 891 1014 930; baseline -0.003 -10"><span class='ocrx_word' id='word_1_79' title='bbox 271 892 333 920; x_wconf 87' lang='lat' dir='ltr'>nisti</span> <span class='ocrx_word' id='word_1_80' title='bbox 349 892 506 920; x_wconf 83' lang='lat' dir='ltr'>Corinthum</span> <span class='ocrx_word' id='word_1_81' title='bbox 516 892 529 919; x_wconf 67' lang='lat'>‚³</span> <span class='ocrx_word' id='word_1_82' title='bbox 541 891 613 929; x_wconf 83' lang='lat' dir='ltr'>Ergo</span> <span class='ocrx_word' id='word_1_83' title='bbox 628 902 775 919; x_wconf 81' lang='lat' dir='ltr'>sermonem</span> <span class='ocrx_word' id='word_1_84' title='bbox 790 901 879 919; x_wconf 87' lang='lat' dir='ltr'>secum</span> <span class='ocrx_word' id='word_1_85' title='bbox 893 901 1014 930; x_wconf 80' lang='lat' dir='ltr'>pugnan-</span> 
     </span>
     <span class='ocr_line' id='line_1_17' title="bbox 273 936 1015 975; baseline -0.001 -10"><span class='ocrx_word' id='word_1_86' title='bbox 273 944 322 965; x_wconf 87' lang='lat' dir='ltr'>tem</span> <span class='ocrx_word' id='word_1_87' title='bbox 334 937 410 965; x_wconf 88' lang='lat' dir='ltr'>nobis</span> <span class='ocrx_word' id='word_1_88' title='bbox 423 937 542 965; x_wconf 89' lang='lat' dir='ltr'>hocloco</span> <span class='ocrx_word' id='word_1_89' title='bbox 557 936 669 965; x_wconf 86' lang='lat' dir='ltr'>inducis.</span> <span class='ocrx_word' id='word_1_90' title='bbox 687 936 817 975; x_wconf 85' lang='lat' dir='ltr'>Superius</span> <span class='ocrx_word' id='word_1_91' title='bbox 828 936 898 964; x_wconf 90' lang='lat' dir='ltr'>enim</span> <span class='ocrx_word' id='word_1_92' title='bbox 910 936 960 964; x_wconf 86' lang='lat' dir='ltr'>hoc</span> <span class='ocrx_word' id='word_1_93' title='bbox 973 946 1015 964; x_wconf 79' lang='lat' dir='ltr'>as-</span> 
     </span>
     <span class='ocr_line' id='line_1_18' title="bbox 270 981 1015 1018; baseline -0.001 -8"><span class='ocrx_word' id='word_1_94' title='bbox 270 984 384 1017; x_wconf 82' lang='lat' dir='ltr'>serebas,</span> <span class='ocrx_word' id='word_1_95' title='bbox 394 983 462 1011; x_wconf 86' lang='lat' dir='ltr'>banc</span> <span class='ocrx_word' id='word_1_96' title='bbox 472 983 521 1010; x_wconf 90' lang='lat' dir='ltr'>tibi</span> <span class='ocrx_word' id='word_1_97' title='bbox 531 993 583 1010; x_wconf 89' lang='lat' dir='ltr'>non</span> <span class='ocrx_word' id='word_1_98' title='bbox 595 982 718 1011; x_wconf 73' lang='lat' dir='ltr'>veniendi</span> <span class='ocrx_word' id='word_1_99' title='bbox 727 992 831 1010; x_wconf 83' lang='lat' dir='ltr'>causam</span> <span class='ocrx_word' id='word_1_100' title='bbox 843 982 931 1017; x_wconf 76' lang='lat' dir='ltr'>fuisse,</span> <span class='ocrx_word' id='word_1_101' title='bbox 942 981 1015 1018; x_wconf 87' lang='lat' dir='ltr'>quod</span> 
     </span>
     <span class='ocr_line' id='line_1_19' title="bbox 273 1027 1015 1062; baseline -0.004 -5"><span class='ocrx_word' id='word_1_102' title='bbox 273 1029 346 1057; x_wconf 84' lang='lat' dir='ltr'>carni</span> <span class='ocrx_word' id='word_1_103' title='bbox 359 1036 530 1057; x_wconf 85' lang='lat' dir='ltr'>consentanea</span> <span class='ocrx_word' id='word_1_104' title='bbox 547 1028 657 1056; x_wconf 83' lang='lat' dir='ltr'>consilia</span> <span class='ocrx_word' id='word_1_105' title='bbox 672 1028 782 1056; x_wconf 84' lang='lat' dir='ltr'>minime</span> <span class='ocrx_word' id='word_1_106' title='bbox 792 1027 954 1062; x_wconf 77' lang='lat' dir='ltr'><strong>admitteres,</strong></span> <span class='ocrx_word' id='word_1_107' title='bbox 967 1036 1015 1054; x_wconf 87' lang='lat' dir='ltr'>nec</span> 
     </span>
     <span class='ocr_line' id='line_1_20' title="bbox 269 1072 1015 1113; baseline -0.004 -11"><span class='ocrx_word' id='word_1_108' title='bbox 269 1074 309 1102; x_wconf 87' lang='lat' dir='ltr'>tui</span> <span class='ocrx_word' id='word_1_109' title='bbox 321 1074 390 1113; x_wconf 84' lang='lat' dir='ltr'>juris</span> <span class='ocrx_word' id='word_1_110' title='bbox 404 1084 482 1108; x_wconf 82' lang='lat' dir='ltr'>esses,</span> <span class='ocrx_word' id='word_1_111' title='bbox 498 1084 593 1102; x_wconf 68' lang='lat' dir='ltr'>verum</span> <span class='ocrx_word' id='word_1_112' title='bbox 603 1074 720 1112; x_wconf 79' lang='lat' dir='ltr'>Spiritus</span> <span class='ocrx_word' id='word_1_113' title='bbox 731 1073 842 1101; x_wconf 87' lang='lat' dir='ltr'>arbitrio</span> <span class='ocrx_word' id='word_1_114' title='bbox 854 1072 954 1110; x_wconf 87' lang='lat' dir='ltr'>ubique</span> <span class='ocrx_word' id='word_1_115' title='bbox 964 1072 1015 1099; x_wconf 91' lang='lat' dir='ltr'>cir-</span> 
     </span>
     <span class='ocr_line' id='line_1_21' title="bbox 270 1117 1014 1157; baseline -0.004 -10"><span class='ocrx_word' id='word_1_116' title='bbox 270 1120 555 1157; x_wconf 71' lang='lat' dir='ltr'>cumagereris3atque</span> <span class='ocrx_word' id='word_1_117' title='bbox 579 1119 735 1147; x_wconf 83' lang='lat' dir='ltr'>afflictiones</span> <span class='ocrx_word' id='word_1_118' title='bbox 754 1119 834 1146; x_wconf 80' lang='lat' dir='ltr'>etiam</span> <span class='ocrx_word' id='word_1_119' title='bbox 849 1118 875 1146; x_wconf 89' lang='lat' dir='ltr'>in</span> <span class='ocrx_word' id='word_1_120' title='bbox 895 1117 1014 1145; x_wconf 89' lang='lat' dir='ltr'>medium</span> 
     </span>
     <span class='ocr_line' id='line_1_22' title="bbox 270 1163 1014 1204; baseline -0.001 -12"><span class='ocrx_word' id='word_1_121' title='bbox 270 1166 422 1204; x_wconf 77' lang='lat' dir='ltr'>proferebas</span> <span class='ocrx_word' id='word_1_122' title='bbox 438 1177 443 1193; x_wconf 82' lang='lat'>2</span> <span class='ocrx_word' id='word_1_123' title='bbox 457 1166 507 1194; x_wconf 85' lang='grc'><strong>1100</strong></span> <span class='ocrx_word' id='word_1_124' title='bbox 525 1172 615 1193; x_wconf 82' lang='lat' dir='ltr'>autem</span> <span class='ocrx_word' id='word_1_125' title='bbox 627 1166 684 1193; x_wconf 88' lang='lat' dir='ltr'>loeo</span> <span class='ocrx_word' id='word_1_126' title='bbox 696 1165 735 1193; x_wconf 82' lang='lat' dir='ltr'>tui</span> <span class='ocrx_word' id='word_1_127' title='bbox 750 1164 855 1192; x_wconf 87' lang='lat' dir='ltr'>arbitrii</span> <span class='ocrx_word' id='word_1_128' title='bbox 874 1164 955 1192; x_wconf 86' lang='lat' dir='ltr'>fuisse</span> <span class='ocrx_word' id='word_1_129' title='bbox 965 1163 1014 1199; x_wconf 83' lang='lat' dir='ltr'>ais,</span> 
     </span>
     <span class='ocr_line' id='line_1_23' title="bbox 271 1209 1015 1247; baseline -0.003 -9"><span class='ocrx_word' id='word_1_130' title='bbox 271 1210 343 1247; x_wconf 88' lang='lat' dir='ltr'>quod</span> <span class='ocrx_word' id='word_1_131' title='bbox 363 1222 415 1238; x_wconf 88' lang='lat' dir='ltr'>non</span> <span class='ocrx_word' id='word_1_132' title='bbox 438 1211 553 1245; x_wconf 75' lang='lat' dir='ltr'>veneris,</span> <span class='ocrx_word' id='word_1_133' title='bbox 570 1221 621 1238; x_wconf 87' lang='grc'><strong>11011</strong></span> <span class='ocrx_word' id='word_1_134' title='bbox 636 1217 723 1238; x_wconf 83' lang='lat' dir='ltr'>autem</span> <span class='ocrx_word' id='word_1_135' title='bbox 738 1209 904 1238; x_wconf 81' lang='lat' dir='ltr'>auctoritatis</span> <span class='ocrx_word' id='word_1_136' title='bbox 916 1220 946 1237; x_wconf 87' lang='lat' dir='ltr'>ac</span> <span class='ocrx_word' id='word_1_137' title='bbox 966 1220 1015 1247; x_wconf 87' lang='lat' dir='ltr'>po-</span> 
     </span>
     <span class='ocr_line' id='line_1_24' title="bbox 269 1254 1014 1295; baseline -0.004 -11"><span class='ocrx_word' id='word_1_138' title='bbox 269 1256 371 1284; x_wconf 82' lang='lat' dir='ltr'>testatis</span> <span class='ocrx_word' id='word_1_139' title='bbox 396 1256 533 1295; x_wconf 78' lang='lat' dir='ltr'>Spiritus:</span> <span class='ocrx_word' id='word_1_140' title='bbox 551 1257 681 1283; x_wconf 64' lang='lat' dir='ltr'>Par-cens</span> <span class='ocrx_word' id='word_1_141' title='bbox 702 1255 772 1283; x_wconf 87' lang='lat' dir='ltr'>enim</span> <span class='ocrx_word' id='word_1_142' title='bbox 797 1257 896 1289; x_wconf 77' lang='lat' dir='ltr'>vobis,</span> <span class='ocrx_word' id='word_1_143' title='bbox 919 1254 1014 1291; x_wconf 85' lang='lat' dir='ltr'>iuquit,</span> 
     </span>
     <span class='ocr_line' id='line_1_25' title="bbox 272 1299 1014 1338; baseline -0.001 -9"><span class='ocrx_word' id='word_1_144' title='bbox 272 1313 330 1330; x_wconf 82' lang='lat' dir='ltr'>non</span> <span class='ocrx_word' id='word_1_145' title='bbox 356 1304 425 1330; x_wconf 75' lang='lat' dir='ltr'>‘veni</span> <span class='ocrx_word' id='word_1_146' title='bbox 454 1303 634 1330; x_wconf 79' lang='lat' dir='ltr'>Corinthum.</span> <span class='ocrx_word' id='word_1_147' title='bbox 655 1300 791 1335; x_wconf 79' lang='lat' dir='ltr'>Quidnam</span> <span class='ocrx_word' id='word_1_148' title='bbox 812 1300 895 1338; x_wconf 81' lang='lat' dir='ltr'>igitur</span> <span class='ocrx_word' id='word_1_149' title='bbox 919 1299 1014 1328; x_wconf 84' lang='lat' dir='ltr'>dicen—</span> 
     </span>
     <span class='ocr_line' id='line_1_26' title="bbox 271 1345 1012 1386; baseline -0.005 -11"><span class='ocrx_word' id='word_1_150' title='bbox 271 1347 354 1375; x_wconf 63' lang='lat' dir='ltr'>dum?</span> <span class='ocrx_word' id='word_1_151' title='bbox 368 1348 468 1386; x_wconf 76' lang='lat' dir='ltr'>Nempe</span> <span class='ocrx_word' id='word_1_152' title='bbox 481 1354 526 1375; x_wconf 84' lang='lat' dir='ltr'>aut</span> <span class='ocrx_word' id='word_1_153' title='bbox 541 1346 613 1385; x_wconf 87' lang='lat' dir='ltr'>quod</span> <span class='ocrx_word' id='word_1_154' title='bbox 631 1347 681 1374; x_wconf 89' lang='lat' dir='ltr'>hoc</span> <span class='ocrx_word' id='word_1_155' title='bbox 698 1356 804 1383; x_wconf 86' lang='lat' dir='ltr'>quoque</span> <span class='ocrx_word' id='word_1_156' title='bbox 820 1346 907 1384; x_wconf 91' lang='lat' dir='ltr'>ipsum</span> <span class='ocrx_word' id='word_1_157' title='bbox 923 1355 938 1372; x_wconf 92' lang='lat' dir='ltr'>a</span> <span class='ocrx_word' id='word_1_158' title='bbox 953 1345 1012 1383; x_wconf 79' lang='lat' dir='ltr'>Spi-</span> 
     </span>
     <span class='ocr_line' id='line_1_27' title="bbox 271 1390 1011 1432; baseline -0.004 -12"><span class='ocrx_word' id='word_1_159' title='bbox 271 1394 325 1421; x_wconf 90' lang='lat' dir='ltr'>ritu</span> <span class='ocrx_word' id='word_1_160' title='bbox 348 1394 580 1432; x_wconf 77' lang='lat' dir='ltr'>proliciscebatur3</span> <span class='ocrx_word' id='word_1_161' title='bbox 594 1403 707 1430; x_wconf 83' lang='lat' dir='ltr'>eumque</span> <span class='ocrx_word' id='word_1_162' title='bbox 732 1392 823 1420; x_wconf 65' lang='lat' dir='ltr'>venire</span> <span class='ocrx_word' id='word_1_163' title='bbox 846 1392 901 1429; x_wconf 86' lang='lat' dir='ltr'>ipse</span> <span class='ocrx_word' id='word_1_164' title='bbox 920 1390 1011 1426; x_wconf 67' lang='lat' dir='ltr'>vellet,</span> 
     </span>
     <span class='ocr_line' id='line_1_28' title="bbox 270 1435 1015 1477; baseline -0.003 -11"><span class='ocrx_word' id='word_1_165' title='bbox 270 1438 298 1466; x_wconf 84' lang='lat' dir='ltr'>in</span> <span class='ocrx_word' id='word_1_166' title='bbox 314 1446 427 1466; x_wconf 83' lang='lat' dir='ltr'>mentem</span> <span class='ocrx_word' id='word_1_167' title='bbox 441 1439 464 1466; x_wconf 87' lang='grc'>01</span> <span class='ocrx_word' id='word_1_168' title='bbox 477 1438 596 1477; x_wconf 72' lang='lat' dir='ltr'>Spiritus</span> <span class='ocrx_word' id='word_1_169' title='bbox 611 1438 716 1476; x_wconf 82' lang='lat' dir='ltr'>injecit,</span> <span class='ocrx_word' id='word_1_170' title='bbox 727 1444 756 1464; x_wconf 87' lang='lat' dir='ltr'>ut</span> <span class='ocrx_word' id='word_1_171' title='bbox 770 1447 821 1464; x_wconf 88' lang='lat' dir='ltr'>nou</span> <span class='ocrx_word' id='word_1_172' title='bbox 833 1436 951 1471; x_wconf 72' lang='lat' dir='ltr'>veniret,</span> <span class='ocrx_word' id='word_1_173' title='bbox 965 1435 1015 1464; x_wconf 90' lang='lat' dir='ltr'>hoc</span> 
     </span>
     <span class='ocr_line' id='line_1_29' title="bbox 271 1482 1016 1523; baseline -0.003 -11"><span class='ocrx_word' id='word_1_174' title='bbox 271 1484 397 1512; x_wconf 67' lang='lat' dir='ltr'>videlicet</span> <span class='ocrx_word' id='word_1_175' title='bbox 410 1495 572 1523; x_wconf 82' lang='lat' dir='ltr'>proponens,</span> <span class='ocrx_word' id='word_1_176' title='bbox 586 1484 651 1522; x_wconf 84' lang='lat' dir='ltr'>ipsis</span> <span class='ocrx_word' id='word_1_177' title='bbox 666 1482 863 1521; x_wconf 72' lang='lat' dir='ltr'>indulgendum</span> <span class='ocrx_word' id='word_1_178' title='bbox 879 1492 934 1510; x_wconf 83' lang='lat' dir='ltr'>esse</span> <span class='ocrx_word' id='word_1_179' title='bbox 948 1493 953 1508; x_wconf 94' lang='lat'>:</span> <span class='ocrx_word' id='word_1_180' title='bbox 969 1489 1016 1510; x_wconf 83' lang='lat' dir='ltr'>aut</span> 
     </span>
     <span class='ocr_line' id='line_1_30' title="bbox 272 1528 1013 1567; baseline -0.004 -9"><span class='ocrx_word' id='word_1_181' title='bbox 272 1530 306 1558; x_wconf 88' lang='lat' dir='ltr'>de</span> <span class='ocrx_word' id='word_1_182' title='bbox 320 1531 403 1558; x_wconf 81' lang='lat' dir='ltr'>allero</span> <span class='ocrx_word' id='word_1_183' title='bbox 419 1531 534 1558; x_wconf 77' lang='lat' dir='ltr'>adventu</span> <span class='ocrx_word' id='word_1_184' title='bbox 560 1530 695 1567; x_wconf 81' lang='lat' dir='ltr'>loquitur,</span> <span class='ocrx_word' id='word_1_185' title='bbox 710 1536 788 1566; x_wconf 83' lang='lat' dir='ltr'>atque</span> <span class='ocrx_word' id='word_1_186' title='bbox 801 1529 853 1556; x_wconf 84' lang='grc'><strong>1100</strong></span> <span class='ocrx_word' id='word_1_187' title='bbox 866 1528 1013 1565; x_wconf 82' lang='lat' dir='ltr'>significat,</span> 
     </span>
     <span class='ocr_line' id='line_1_31' title="bbox 271 1573 1015 1613; baseline -0.003 -10"><span class='ocrx_word' id='word_1_188' title='bbox 271 1575 323 1603; x_wconf 86' lang='lat' dir='ltr'>sibi</span> <span class='ocrx_word' id='word_1_189' title='bbox 339 1575 447 1613; x_wconf 84' lang='lat' dir='ltr'>quidem</span> <span class='ocrx_word' id='word_1_190' title='bbox 464 1576 490 1603; x_wconf 91' lang='lat' dir='ltr'>in</span> <span class='ocrx_word' id='word_1_191' title='bbox 501 1575 590 1602; x_wconf 86' lang='lat' dir='ltr'>animo</span> <span class='ocrx_word' id='word_1_192' title='bbox 607 1575 702 1605; x_wconf 73' lang='lat' dir='ltr'>fuisse,</span> <span class='ocrx_word' id='word_1_193' title='bbox 717 1574 873 1612; x_wconf 80' lang='lat' dir='ltr'>priusquam</span> <span class='ocrx_word' id='word_1_194' title='bbox 889 1573 1015 1610; x_wconf 84' lang='lat' dir='ltr'>superio—</span> 
     </span>
     <span class='ocr_line' id='line_1_32' title="bbox 275 1620 1015 1662; baseline -0.004 -12"><span class='ocrx_word' id='word_1_195' title='bbox 275 1633 331 1651; x_wconf 75' lang='lat' dir='ltr'>rem</span> <span class='ocrx_word' id='word_1_196' title='bbox 347 1623 486 1662; x_wconf 69' lang='lat' dir='ltr'>epistolam</span> <span class='ocrx_word' id='word_1_197' title='bbox 501 1622 643 1655; x_wconf 82' lang='lat' dir='ltr'>scriberet,</span> <span class='ocrx_word' id='word_1_198' title='bbox 656 1621 689 1648; x_wconf 78' lang='lat' dir='ltr'>ad</span> <span class='ocrx_word' id='word_1_199' title='bbox 705 1631 747 1648; x_wconf 89' lang='lat' dir='ltr'>eos</span> <span class='ocrx_word' id='word_1_200' title='bbox 759 1631 785 1648; x_wconf 84' lang='lat' dir='ltr'>se</span> <span class='ocrx_word' id='word_1_201' title='bbox 797 1620 924 1655; x_wconf 77' lang='lat' dir='ltr'>conseri-c,</span> <span class='ocrx_word' id='word_1_202' title='bbox 939 1626 1015 1647; x_wconf 64' lang='grc' dir='ltr'><strong>003ιο-</strong></span> 
     </span>
     <span class='ocr_line' id='line_1_33' title="bbox 272 1665 1014 1702; baseline -0.005 -6"><span class='ocrx_word' id='word_1_203' title='bbox 272 1680 333 1696; x_wconf 88' lang='lat' dir='ltr'>rum</span> <span class='ocrx_word' id='word_1_204' title='bbox 357 1679 411 1696; x_wconf 84' lang='lat' dir='ltr'>sese</span> <span class='ocrx_word' id='word_1_205' title='bbox 426 1669 460 1696; x_wconf 83' lang='lat' dir='ltr'>ob</span> <span class='ocrx_word' id='word_1_206' title='bbox 482 1667 617 1695; x_wconf 82' lang='lat' dir='ltr'>caritatem</span> <span class='ocrx_word' id='word_1_207' title='bbox 633 1666 803 1702; x_wconf 79' lang='lat' dir='ltr'>continuisse,</span> <span class='ocrx_word' id='word_1_208' title='bbox 814 1676 846 1693; x_wconf 92' lang='grc'>110</span> <span class='ocrx_word' id='word_1_209' title='bbox 860 1676 903 1693; x_wconf 90' lang='lat' dir='ltr'>eos</span> <span class='ocrx_word' id='word_1_210' title='bbox 923 1665 1014 1693; x_wconf 85' lang='lat' dir='ltr'>incor-</span> 
     </span>
     <span class='ocr_line' id='line_1_34' title="bbox 271 1711 1013 1749; baseline -0.005 -7"><span class='ocrx_word' id='word_1_211' title='bbox 271 1721 356 1742; x_wconf 85' lang='lat' dir='ltr'>rectos</span> <span class='ocrx_word' id='word_1_212' title='bbox 370 1713 526 1742; x_wconf 74' lang='lat' dir='ltr'>ostenderet.</span> <span class='ocrx_word' id='word_1_213' title='bbox 539 1712 681 1741; x_wconf 84' lang='lat' dir='ltr'>Probabile</span> <span class='ocrx_word' id='word_1_214' title='bbox 697 1719 786 1740; x_wconf 65' lang='grc' dir='ltr'><strong>0010οι</strong></span> <span class='ocrx_word' id='word_1_215' title='bbox 802 1718 857 1745; x_wconf 84' lang='lat' dir='ltr'>est,</span> <span class='ocrx_word' id='word_1_216' title='bbox 870 1717 928 1749; x_wconf 87' lang='lat' dir='ltr'>post</span> <span class='ocrx_word' id='word_1_217' title='bbox 940 1711 1013 1738; x_wconf 81' lang='lat' dir='ltr'>illam</span> 
     </span>
     <span class='ocr_line' id='line_1_35' title="bbox 271 1756 1011 1798; baseline -0.005 -11"><span class='ocrx_word' id='word_1_218' title='bbox 271 1759 419 1798; x_wconf 75' lang='lat' dir='ltr'>epistolam,</span> <span class='ocrx_word' id='word_1_219' title='bbox 436 1759 539 1797; x_wconf 85' lang='lat' dir='ltr'>Spiritu</span> <span class='ocrx_word' id='word_1_220' title='bbox 556 1759 613 1796; x_wconf 83' lang='lat' dir='ltr'>jam</span> <span class='ocrx_word' id='word_1_221' title='bbox 633 1768 695 1785; x_wconf 88' lang='grc'><strong>0001</strong></span> <span class='ocrx_word' id='word_1_222' title='bbox 717 1757 827 1785; x_wconf 86' lang='lat' dir='ltr'>minime</span> <span class='ocrx_word' id='word_1_223' title='bbox 843 1756 1011 1795; x_wconf 86' lang='lat' dir='ltr'>prohibente,</span> 
     </span>
     <span class='ocr_line' id='line_1_36' title="bbox 272 1801 1014 1843; baseline -0.005 -11"><span class='ocrx_word' id='word_1_224' title='bbox 272 1812 365 1843; x_wconf 78' lang='lat' dir='ltr'>suapte</span> <span class='ocrx_word' id='word_1_225' title='bbox 388 1811 481 1843; x_wconf 84' lang='lat' dir='ltr'>sponte</span> <span class='ocrx_word' id='word_1_226' title='bbox 505 1804 539 1831; x_wconf 86' lang='lat' dir='ltr'>ol)</span> <span class='ocrx_word' id='word_1_227' title='bbox 559 1804 629 1831; x_wconf 83' lang='lat' dir='ltr'>hauc</span> <span class='ocrx_word' id='word_1_228' title='bbox 652 1813 757 1830; x_wconf 79' lang='lat' dir='ltr'>causam</span> <span class='ocrx_word' id='word_1_229' title='bbox 782 1802 916 1830; x_wconf 77' lang='lat' dir='ltr'>mansisse.</span> <span class='ocrx_word' id='word_1_230' title='bbox 933 1801 1014 1835; x_wconf 82' lang='lat' dir='ltr'>Quod</span> 
     </span>
     <span class='ocr_line' id='line_1_37' title="bbox 272 1847 1015 1887; baseline -0.004 -10"><span class='ocrx_word' id='word_1_231' title='bbox 272 1850 352 1878; x_wconf 82' lang='lat' dir='ltr'>etiam</span> <span class='ocrx_word' id='word_1_232' title='bbox 368 1850 453 1885; x_wconf 64' lang='lat' dir='ltr'>magis</span> <span class='ocrx_word' id='word_1_233' title='bbox 469 1848 598 1887; x_wconf 77' lang='lat' dir='ltr'>conjicere</span> <span class='ocrx_word' id='word_1_234' title='bbox 608 1855 656 1881; x_wconf 75' lang='lat' dir='ltr'>est,</span> <span class='ocrx_word' id='word_1_235' title='bbox 673 1858 766 1886; x_wconf 76' lang='lat' dir='ltr'>nempe</span> <span class='ocrx_word' id='word_1_236' title='bbox 779 1847 851 1884; x_wconf 85' lang='lat' dir='ltr'>quod</span> <span class='ocrx_word' id='word_1_237' title='bbox 866 1847 942 1874; x_wconf 90' lang='lat' dir='ltr'>initio</span> <span class='ocrx_word' id='word_1_238' title='bbox 954 1847 1015 1884; x_wconf 88' lang='lat' dir='ltr'>qui-</span> 
     </span>
     <span class='ocr_line' id='line_1_38' title="bbox 270 1892 1015 1933; baseline -0.007 -10"><span class='ocrx_word' id='word_1_239' title='bbox 270 1894 331 1923; x_wconf 87' lang='lat' dir='ltr'>dem</span> <span class='ocrx_word' id='word_1_240' title='bbox 345 1895 462 1933; x_wconf 73' lang='lat' dir='ltr'>Spiritus</span> <span class='ocrx_word' id='word_1_241' title='bbox 478 1894 646 1932; x_wconf 79' lang='lat' dir='ltr'>prohibebat,</span> <span class='ocrx_word' id='word_1_242' title='bbox 660 1900 718 1931; x_wconf 81' lang='lat' dir='ltr'>post</span> <span class='ocrx_word' id='word_1_243' title='bbox 733 1899 822 1920; x_wconf 84' lang='lat' dir='ltr'>autem</span> <span class='ocrx_word' id='word_1_244' title='bbox 839 1892 895 1930; x_wconf 86' lang='lat' dir='ltr'>ipsc</span> <span class='ocrx_word' id='word_1_245' title='bbox 909 1902 1015 1929; x_wconf 89' lang='lat' dir='ltr'>quoque</span> 
     </span>
     <span class='ocr_line' id='line_1_39' title="bbox 272 1937 1015 1978; baseline -0.004 -11"><span class='ocrx_word' id='word_1_246' title='bbox 272 1951 361 1968; x_wconf 84' lang='lat' dir='ltr'>secum</span> <span class='ocrx_word' id='word_1_247' title='bbox 386 1947 511 1978; x_wconf 78' lang='lat' dir='ltr'>reputans</span> <span class='ocrx_word' id='word_1_248' title='bbox 529 1938 555 1966; x_wconf 88' lang='lat' dir='ltr'>id</span> <span class='ocrx_word' id='word_1_249' title='bbox 570 1939 665 1966; x_wconf 79' lang='lat' dir='ltr'>melius</span> <span class='ocrx_word' id='word_1_250' title='bbox 682 1948 737 1965; x_wconf 83' lang='lat' dir='ltr'>esse</span> <span class='ocrx_word' id='word_1_251' title='bbox 748 1960 754 1970; x_wconf 80' lang='grc'>,</span> <span class='ocrx_word' id='word_1_252' title='bbox 766 1937 900 1965; x_wconf 75' lang='lat' dir='ltr'>manserit.</span> <span class='ocrx_word' id='word_1_253' title='bbox 914 1937 957 1964; x_wconf 86' lang='lat' dir='ltr'>Tu</span> <span class='ocrx_word' id='word_1_254' title='bbox 968 1947 1015 1964; x_wconf 84' lang='lat' dir='ltr'>ve-</span> 
     </span>
     <span class='ocr_line' id='line_1_40' title="bbox 273 1982 1016 2022; baseline -0.005 -9"><span class='ocrx_word' id='word_1_255' title='bbox 273 1996 303 2014; x_wconf 90' lang='lat' dir='ltr'>ro</span> <span class='ocrx_word' id='word_1_256' title='bbox 318 1985 467 2013; x_wconf 79' lang='lat' dir='ltr'>consideres</span> <span class='ocrx_word' id='word_1_257' title='bbox 483 1984 563 2012; x_wconf 69' lang='lat' dir='ltr'>velim</span> <span class='ocrx_word' id='word_1_258' title='bbox 578 1995 631 2021; x_wconf 87' lang='lat' dir='ltr'>quo</span> <span class='ocrx_word' id='word_1_259' title='bbox 651 1990 729 2022; x_wconf 79' lang='lat' dir='ltr'>pacto</span> <span class='ocrx_word' id='word_1_260' title='bbox 744 1993 835 2010; x_wconf 83' lang='lat' dir='ltr'>rursus</span> <span class='ocrx_word' id='word_1_261' title='bbox 856 1982 1016 2010; x_wconf 81' lang='lat' dir='ltr'>mentionem</span> 
     </span>
     <span class='ocr_line' id='line_1_41' title="bbox 274 2027 1015 2066; baseline -0.005 -8"><span class='ocrx_word' id='word_1_262' title='bbox 274 2031 315 2058; x_wconf 88' lang='lat' dir='ltr'>sui</span> <span class='ocrx_word' id='word_1_263' title='bbox 332 2031 419 2059; x_wconf 68' lang='lat' dir='ltr'>saciat.</span> <span class='ocrx_word' id='word_1_264' title='bbox 433 2029 515 2064; x_wconf 82' lang='lat' dir='ltr'>Quod</span> <span class='ocrx_word' id='word_1_265' title='bbox 526 2029 632 2066; x_wconf 76' lang='lat' dir='ltr'>quidem</span> <span class='ocrx_word' id='word_1_266' title='bbox 645 2028 744 2056; x_wconf 85' lang='lat' dir='ltr'>ideirco</span> <span class='ocrx_word' id='word_1_267' title='bbox 756 2028 818 2055; x_wconf 83' lang='lat' dir='ltr'>facit</span> <span class='ocrx_word' id='word_1_268' title='bbox 830 2027 874 2062; x_wconf 85' lang='lat' dir='ltr'>(id</span> <span class='ocrx_word' id='word_1_269' title='bbox 889 2027 959 2055; x_wconf 89' lang='lat' dir='ltr'>enim</span> <span class='ocrx_word' id='word_1_270' title='bbox 972 2027 1015 2055; x_wconf 88' lang='lat' dir='ltr'>in-</span> 
     </span>
     <span class='ocr_line' id='line_1_42' title="bbox 272 2071 1015 2109; baseline -0.005 -7"><span class='ocrx_word' id='word_1_271' title='bbox 272 2074 376 2102; x_wconf 87' lang='lat' dir='ltr'>culcare</span> <span class='ocrx_word' id='word_1_272' title='bbox 388 2084 438 2101; x_wconf 88' lang='lat' dir='ltr'>non</span> <span class='ocrx_word' id='word_1_273' title='bbox 451 2073 602 2108; x_wconf 82' lang='lat' dir='ltr'>desinam),</span> <span class='ocrx_word' id='word_1_274' title='bbox 617 2079 645 2099; x_wconf 93' lang='lat' dir='ltr'>ut</span> <span class='ocrx_word' id='word_1_275' title='bbox 656 2082 671 2099; x_wconf 91' lang='lat' dir='ltr'>a</span> <span class='ocrx_word' id='word_1_276' title='bbox 687 2071 826 2099; x_wconf 76' lang='lat' dir='ltr'>contrariis</span> <span class='ocrx_word' id='word_1_277' title='bbox 838 2071 1015 2109; x_wconf 84' lang='lat' dir='ltr'>patrocinium</span> 
     </span>
     <span class='ocr_line' id='line_1_43' title="bbox 274 2117 1015 2157; baseline -0.007 -9"><span class='ocrx_word' id='word_1_278' title='bbox 274 2120 326 2148; x_wconf 80' lang='lat' dir='ltr'>sibi</span> <span class='ocrx_word' id='word_1_279' title='bbox 341 2126 450 2157; x_wconf 81' lang='lat' dir='ltr'>quaerat.</span> <span class='ocrx_word' id='word_1_280' title='bbox 461 2119 594 2153; x_wconf 85' lang='lat' dir='ltr'>Quoniam</span> <span class='ocrx_word' id='word_1_281' title='bbox 609 2118 679 2145; x_wconf 87' lang='lat' dir='ltr'>enim</span> <span class='ocrx_word' id='word_1_282' title='bbox 692 2117 840 2145; x_wconf 82' lang='lat' dir='ltr'>verisimile</span> <span class='ocrx_word' id='word_1_283' title='bbox 851 2123 905 2144; x_wconf 77' lang='lat' dir='ltr'>erat</span> <span class='ocrx_word' id='word_1_284' title='bbox 918 2127 961 2144; x_wconf 88' lang='lat' dir='ltr'>eos</span> <span class='ocrx_word' id='word_1_285' title='bbox 979 2117 1015 2144; x_wconf 82' lang='lat' dir='ltr'>si-</span> 
     </span>
     <span class='ocr_line' id='line_1_44' title="bbox 273 2162 1015 2203; baseline -0.005 -10"><span class='ocrx_word' id='word_1_286' title='bbox 273 2165 352 2194; x_wconf 87' lang='lat' dir='ltr'>nistri</span> <span class='ocrx_word' id='word_1_287' title='bbox 371 2164 473 2202; x_wconf 86' lang='lat' dir='ltr'>aliquid</span> <span class='ocrx_word' id='word_1_288' title='bbox 486 2163 615 2203; x_wconf 85' lang='lat' dir='ltr'>suspicari</span> <span class='ocrx_word' id='word_1_289' title='bbox 630 2173 660 2190; x_wconf 88' lang='lat' dir='ltr'>ac</span> <span class='ocrx_word' id='word_1_290' title='bbox 677 2163 764 2190; x_wconf 81' lang='lat' dir='ltr'>dicere</span> <span class='ocrx_word' id='word_1_291' title='bbox 779 2174 785 2189; x_wconf 91' lang='lat'>:</span> <span class='ocrx_word' id='word_1_292' title='bbox 800 2162 903 2190; x_wconf 86' lang='lat' dir='ltr'>Idcirco</span> <span class='ocrx_word' id='word_1_293' title='bbox 919 2162 952 2190; x_wconf 86' lang='lat' dir='ltr'>ad</span> <span class='ocrx_word' id='word_1_294' title='bbox 968 2172 1015 2189; x_wconf 88' lang='lat' dir='ltr'>nos</span> 
     </span>
     <span class='ocr_line' id='line_1_45' title="bbox 273 2208 1013 2248; baseline -0.007 -9"><span class='ocrx_word' id='word_1_295' title='bbox 273 2222 325 2239; x_wconf 88' lang='lat' dir='ltr'>non</span> <span class='ocrx_word' id='word_1_296' title='bbox 341 2211 448 2246; x_wconf 81' lang='lat' dir='ltr'>venisti,</span> <span class='ocrx_word' id='word_1_297' title='bbox 462 2209 524 2248; x_wconf 86' lang='lat' dir='ltr'>quia</span> <span class='ocrx_word' id='word_1_298' title='bbox 537 2209 613 2237; x_wconf 89' lang='lat' dir='ltr'>nobis</span> <span class='ocrx_word' id='word_1_299' title='bbox 628 2208 744 2236; x_wconf 86' lang='lat' dir='ltr'>infensus</span> <span class='ocrx_word' id='word_1_300' title='bbox 755 2218 838 2243; x_wconf 75' lang='lat' dir='ltr'>esses3</span> <span class='ocrx_word' id='word_1_301' title='bbox 852 2208 1013 2235; x_wconf 79' lang='lat' dir='ltr'>contrarium</span> 
     </span>
     <span class='ocr_line' id='line_1_46' title="bbox 274 2253 1014 2294; baseline -0.008 -9"><span class='ocrx_word' id='word_1_302' title='bbox 274 2256 402 2290; x_wconf 77' lang='lat' dir='ltr'>ostendit,</span> <span class='ocrx_word' id='word_1_303' title='bbox 420 2266 513 2294; x_wconf 87' lang='lat' dir='ltr'>nempe</span> <span class='ocrx_word' id='word_1_304' title='bbox 529 2265 555 2283; x_wconf 90' lang='lat' dir='ltr'>se</span> <span class='ocrx_word' id='word_1_305' title='bbox 573 2254 633 2282; x_wconf 83' lang='lat' dir='ltr'>ideo</span> <span class='ocrx_word' id='word_1_306' title='bbox 650 2253 684 2282; x_wconf 83' lang='lat' dir='ltr'>ad</span> <span class='ocrx_word' id='word_1_307' title='bbox 695 2264 738 2281; x_wconf 85' lang='lat' dir='ltr'>eos</span> <span class='ocrx_word' id='word_1_308' title='bbox 750 2253 896 2291; x_wconf 85' lang='lat' dir='ltr'>profectum</span> <span class='ocrx_word' id='word_1_309' title='bbox 909 2263 960 2280; x_wconf 91' lang='lat' dir='ltr'>non</span> <span class='ocrx_word' id='word_1_310' title='bbox 975 2263 1014 2280; x_wconf 86' lang='lat' dir='ltr'>es—</span> 
     </span>
     <span class='ocr_line' id='line_1_47' title="bbox 274 2299 1015 2340; baseline -0.007 -10"><span class='ocrx_word' id='word_1_311' title='bbox 274 2313 311 2338; x_wconf 85' lang='lat' dir='ltr'>se,</span> <span class='ocrx_word' id='word_1_312' title='bbox 327 2301 400 2340; x_wconf 85' lang='lat' dir='ltr'>quod</span> <span class='ocrx_word' id='word_1_313' title='bbox 423 2312 466 2329; x_wconf 89' lang='lat' dir='ltr'>eos</span> <span class='ocrx_word' id='word_1_314' title='bbox 480 2307 590 2328; x_wconf 86' lang='lat' dir='ltr'>amaret.</span> <span class='ocrx_word' id='word_1_315' title='bbox 606 2299 680 2335; x_wconf 88' lang='lat' dir='ltr'>Quid</span> <span class='ocrx_word' id='word_1_316' title='bbox 701 2306 790 2326; x_wconf 83' lang='lat' dir='ltr'>autem</span> <span class='ocrx_word' id='word_1_317' title='bbox 805 2305 851 2332; x_wconf 86' lang='lat' dir='ltr'>est,</span> <span class='ocrx_word' id='word_1_318' title='bbox 863 2300 990 2326; x_wconf 79' lang='lat' dir='ltr'>Parcens</span> <span class='ocrx_word' id='word_1_319' title='bbox 1002 2301 1015 2325; x_wconf 66' lang='lat' dir='ltr'><strong><em>P</em></strong></span> 
     </span>
     <span class='ocr_line' id='line_1_48' title="bbox 275 2343 1015 2384; baseline -0.008 -8"><span class='ocrx_word' id='word_1_320' title='bbox 275 2347 386 2382; x_wconf 69' lang='lat' dir='ltr'>Audivi,</span> <span class='ocrx_word' id='word_1_321' title='bbox 399 2346 497 2384; x_wconf 84' lang='lat' dir='ltr'>inquit,</span> <span class='ocrx_word' id='word_1_322' title='bbox 510 2345 652 2373; x_wconf 86' lang='lat' dir='ltr'>nonnullos</span> <span class='ocrx_word' id='word_1_323' title='bbox 668 2354 722 2372; x_wconf 86' lang='lat' dir='ltr'>esse</span> <span class='ocrx_word' id='word_1_324' title='bbox 735 2343 809 2382; x_wconf 78' lang='lat' dir='ltr'>apud</span> <span class='ocrx_word' id='word_1_325' title='bbox 825 2354 872 2371; x_wconf 86' lang='lat' dir='ltr'>vos</span> <span class='ocrx_word' id='word_1_326' title='bbox 895 2343 939 2381; x_wconf 87' lang='lat' dir='ltr'>qui</span> <span class='ocrx_word' id='word_1_327' title='bbox 957 2350 1015 2371; x_wconf 90' lang='lat' dir='ltr'>stu-</span> 
     </span>
     <span class='ocr_line' id='line_1_49' title="bbox 276 2388 1015 2431; baseline -0.007 -11"><span class='ocrx_word' id='word_1_328' title='bbox 276 2403 354 2431; x_wconf 89' lang='lat' dir='ltr'>prum</span> <span class='ocrx_word' id='word_1_329' title='bbox 384 2391 580 2431; x_wconf 85' lang='lat' dir='ltr'>perpetrarint;</span> <span class='ocrx_word' id='word_1_330' title='bbox 598 2389 724 2426; x_wconf 89' lang='lat' dir='ltr'>noluique</span> <span class='ocrx_word' id='word_1_331' title='bbox 746 2389 781 2417; x_wconf 87' lang='lat' dir='ltr'>ad</span> <span class='ocrx_word' id='word_1_332' title='bbox 802 2400 850 2417; x_wconf 91' lang='lat' dir='ltr'>vos</span> <span class='ocrx_word' id='word_1_333' title='bbox 868 2388 969 2419; x_wconf 70' lang='lat' dir='ltr'>venire,</span> <span class='ocrx_word' id='word_1_334' title='bbox 984 2398 1015 2415; x_wconf 88' lang='lat' dir='ltr'>ne</span> 
     </span>
     <span class='ocr_line' id='line_1_50' title="bbox 274 2434 1015 2474; baseline -0.008 -8"><span class='ocrx_word' id='word_1_335' title='bbox 274 2449 322 2466; x_wconf 83' lang='lat' dir='ltr'>vos</span> <span class='ocrx_word' id='word_1_336' title='bbox 337 2438 363 2465; x_wconf 88' lang='lat' dir='ltr'>in</span> <span class='ocrx_word' id='word_1_337' title='bbox 384 2447 524 2465; x_wconf 86' lang='lat' dir='ltr'>moerorem</span> <span class='ocrx_word' id='word_1_338' title='bbox 538 2435 704 2474; x_wconf 81' lang='lat' dir='ltr'>conjicerem.</span> <span class='ocrx_word' id='word_1_339' title='bbox 720 2435 817 2462; x_wconf 81' lang='lat' dir='ltr'>Coram</span> <span class='ocrx_word' id='word_1_340' title='bbox 828 2434 899 2461; x_wconf 83' lang='lat' dir='ltr'>enim</span> <span class='ocrx_word' id='word_1_341' title='bbox 911 2443 1015 2461; x_wconf 86' lang='lat' dir='ltr'>necesse</span> 
     </span>
     <span class='ocr_line' id='line_1_51' title="bbox 275 2479 1014 2518; baseline -0.008 -6"><span class='ocrx_word' id='word_1_342' title='bbox 275 2485 366 2512; x_wconf 81' lang='lat' dir='ltr'>fuisset</span> <span class='ocrx_word' id='word_1_343' title='bbox 378 2484 480 2512; x_wconf 80' lang='lat' dir='ltr'>facinus</span> <span class='ocrx_word' id='word_1_344' title='bbox 491 2482 654 2518; x_wconf 74' lang='lat' dir='ltr'>examinare,</span> <span class='ocrx_word' id='word_1_345' title='bbox 669 2488 694 2509; x_wconf 87' lang='lat' dir='ltr'>et</span> <span class='ocrx_word' id='word_1_346' title='bbox 709 2480 846 2509; x_wconf 86' lang='lat' dir='ltr'>vindicare</span> <span class='ocrx_word' id='word_1_347' title='bbox 857 2490 887 2507; x_wconf 87' lang='lat' dir='ltr'>ac</span> <span class='ocrx_word' id='word_1_348' title='bbox 902 2479 998 2518; x_wconf 87' lang='lat' dir='ltr'>punire</span> <span class='ocrx_word' id='word_1_349' title='bbox 1007 2501 1014 2515; x_wconf 86' lang='lat'>‚</span> 
     </span>
     <span class='ocr_line' id='line_1_52' title="bbox 275 2522 1016 2568; baseline -0.008 -10"><span class='ocrx_word' id='word_1_350' title='bbox 275 2538 352 2568; x_wconf 79' lang='lat' dir='ltr'>atque</span> <span class='ocrx_word' id='word_1_351' title='bbox 367 2531 400 2558; x_wconf 87' lang='lat' dir='ltr'>de</span> <span class='ocrx_word' id='word_1_352' title='bbox 417 2530 507 2558; x_wconf 91' lang='lat' dir='ltr'>multis</span> <span class='ocrx_word' id='word_1_353' title='bbox 524 2539 616 2567; x_wconf 79' lang='lat' dir='ltr'>poenas</span> <span class='ocrx_word' id='word_1_354' title='bbox 629 2538 740 2555; x_wconf 87' lang='lat' dir='ltr'>sumere.</span> <span class='ocrx_word' id='word_1_355' title='bbox 757 2527 850 2564; x_wconf 83' lang='lat' dir='ltr'>Itaque</span> <span class='ocrx_word' id='word_1_356' title='bbox 864 2522 947 2554; x_wconf 68' lang='lat' dir='ltr'>satius</span> <span class='ocrx_word' id='word_1_357' title='bbox 961 2535 1016 2553; x_wconf 85' lang='lat' dir='ltr'>esse</span> 
     </span>
     <span class='ocr_line' id='line_1_53' title="bbox 275 2571 1016 2613; baseline -0.005 -10"><span class='ocrx_word' id='word_1_358' title='bbox 275 2576 341 2604; x_wconf 80' lang='lat' dir='ltr'>duxi</span> <span class='ocrx_word' id='word_1_359' title='bbox 359 2577 464 2612; x_wconf 79' lang='lat' dir='ltr'>abesse,</span> <span class='ocrx_word' id='word_1_360' title='bbox 479 2586 509 2604; x_wconf 82' lang='lat' dir='ltr'>ac</span> <span class='ocrx_word' id='word_1_361' title='bbox 524 2573 709 2613; x_wconf 61' lang='lat' dir='ltr'>resipiscentiae</span> <span class='ocrx_word' id='word_1_362' title='bbox 725 2573 813 2601; x_wconf 87' lang='lat' dir='ltr'>locum</span> <span class='ocrx_word' id='word_1_363' title='bbox 827 2571 905 2602; x_wconf 65' lang='lat' dir='ltr'>vobis</span> <span class='ocrx_word' id='word_1_364' title='bbox 924 2581 1016 2601; x_wconf 87' lang='lat' dir='ltr'>conce-</span> 
     </span>
    </p>
   </div>
   <div class='ocr_carea' id='block_1_10' title="bbox 1353 575 1540 604">
    <p class='ocr_par' dir='ltr' id='par_1_10' title="bbox 1353 575 1540 604">
     <span class='ocr_line' id='line_1_54' title="bbox 1353 575 1540 604; baseline 0.005 -1"><span class='ocrx_word' id='word_1_365' title='bbox 1353 576 1487 604; x_wconf 68' lang='lat' dir='ltr'><strong>OMIAIA</strong></span> <span class='ocrx_word' id='word_1_366' title='bbox 1509 575 1540 604; x_wconf 78' lang='grc' dir='ltr'>δ’,</span> 
     </span>
    </p>
   </div>
   <div class='ocr_carea' id='block_1_11' title="bbox 1065 664 1833 750">
    <p class='ocr_par' dir='ltr' id='par_1_11' title="bbox 1065 664 1833 750">
     <span class='ocr_line' id='line_1_55' title="bbox 1065 664 1830 705; baseline 0.003 -12"><span class='ocrx_word' id='word_1_367' title='bbox 1065 664 1137 703; x_wconf 82' lang='grc' dir='ltr'>Ἐγὼ</span> <span class='ocrx_word' id='word_1_368' title='bbox 1152 665 1178 693; x_wconf 84' lang='grc' dir='ltr'>δὲ</span> <span class='ocrx_word' id='word_1_369' title='bbox 1190 665 1310 705; x_wconf 80' lang='grc' dir='ltr'>μάρτυρα</span> <span class='ocrx_word' id='word_1_370' title='bbox 1324 666 1367 695; x_wconf 79' lang='grc' dir='ltr'>τὸν</span> <span class='ocrx_word' id='word_1_371' title='bbox 1377 667 1444 696; x_wconf 70' lang='grc' dir='ltr'>Θεὸν</span> <span class='ocrx_word' id='word_1_372' title='bbox 1459 668 1636 705; x_wconf 76' lang='grc' dir='ltr'>ἐπικαλοῦμαι</span> <span class='ocrx_word' id='word_1_373' title='bbox 1648 668 1692 695; x_wconf 78' lang='grc' dir='ltr'>ἐπὶ</span> <span class='ocrx_word' id='word_1_374' title='bbox 1705 666 1752 702; x_wconf 78' lang='grc' dir='ltr'>τὴν</span> <span class='ocrx_word' id='word_1_375' title='bbox 1765 667 1830 705; x_wconf 83' lang='grc' dir='ltr'>ἐμὴν</span> 
     </span>
     <span class='ocr_line' id='line_1_56' title="bbox 1104 709 1833 750; baseline 0.004 -12"><span class='ocrx_word' id='word_1_376' title='bbox 1104 710 1206 749; x_wconf 74' lang='grc' dir='ltr'>ψυχὴν,</span> <span class='ocrx_word' id='word_1_377' title='bbox 1220 711 1259 739; x_wconf 80' lang='grc' dir='ltr'>ὅτι</span> <span class='ocrx_word' id='word_1_378' title='bbox 1274 711 1422 750; x_wconf 77' lang='grc' dir='ltr'>φειδόμενος</span> <span class='ocrx_word' id='word_1_379' title='bbox 1438 715 1509 750; x_wconf 78' lang='grc' dir='ltr'>ὑμῶν</span> <span class='ocrx_word' id='word_1_380' title='bbox 1519 735 1527 748; x_wconf 90' lang='grc'>,</span> <span class='ocrx_word' id='word_1_381' title='bbox 1539 712 1624 741; x_wconf 75' lang='grc' dir='ltr'>οὐκέτι</span> <span class='ocrx_word' id='word_1_382' title='bbox 1640 709 1717 747; x_wconf 68' lang='grc' dir='ltr'>ἦλθον</span> <span class='ocrx_word' id='word_1_383' title='bbox 1730 714 1766 745; x_wconf 79' lang='grc' dir='ltr'>εἷς</span> <span class='ocrx_word' id='word_1_384' title='bbox 1780 713 1833 742; x_wconf 82' lang='grc' dir='ltr'>Κό-</span> 
     </span>
    </p>
   </div>
   <div class='ocr_carea' id='block_1_12' title="bbox 1107 758 1200 794">
    <p class='ocr_par' dir='ltr' id='par_1_12' title="bbox 1107 758 1200 794">
     <span class='ocr_line' id='line_1_57' title="bbox 1107 758 1200 794; baseline -0.011 -10"><span class='ocrx_word' id='word_1_385' title='bbox 1107 758 1200 794; x_wconf 88' lang='grc' dir='ltr'>ρινθον.</span> 
     </span>
    </p>
   </div>
   <div class='ocr_carea' id='block_1_13' title="bbox 1067 841 1836 1248">
    <p class='ocr_par' dir='ltr' id='par_1_13' title="bbox 1067 841 1836 1248">
     <span class='ocr_line' id='line_1_58' title="bbox 1107 841 1836 886; baseline 0.003 -12"><span class='ocrx_word' id='word_1_386' title='bbox 1107 846 1142 875; x_wconf 87' lang='grc' dir='ltr'>Τί</span> <span class='ocrx_word' id='word_1_387' title='bbox 1155 846 1216 886; x_wconf 73' lang='grc' dir='ltr'>φῂς,</span> <span class='ocrx_word' id='word_1_388' title='bbox 1231 841 1252 874; x_wconf 66' lang='grc' dir='ltr'>ὦ</span> <span class='ocrx_word' id='word_1_389' title='bbox 1274 847 1387 886; x_wconf 80' lang='grc' dir='ltr'>μακάριε</span> <span class='ocrx_word' id='word_1_390' title='bbox 1403 848 1507 883; x_wconf 76' lang='grc' dir='ltr'>Παῦλε;</span> <span class='ocrx_word' id='word_1_391' title='bbox 1522 847 1670 886; x_wconf 74' lang='grc' dir='ltr'>φειδόμενος</span> <span class='ocrx_word' id='word_1_392' title='bbox 1684 849 1769 876; x_wconf 81' lang='grc' dir='ltr'>αὔτῶν</span> <span class='ocrx_word' id='word_1_393' title='bbox 1789 849 1836 878; x_wconf 77' lang='grc' dir='ltr'>οὐκ</span> 
     </span>
     <span class='ocr_line' id='line_1_59' title="bbox 1067 888 1835 932; baseline 0.001 -12"><span class='ocrx_word' id='word_1_394' title='bbox 1067 888 1144 927; x_wconf 64' lang='grc' dir='ltr'>ἦλθες</span> <span class='ocrx_word' id='word_1_395' title='bbox 1167 894 1201 924; x_wconf 84' lang='grc' dir='ltr'>εἷς</span> <span class='ocrx_word' id='word_1_396' title='bbox 1216 892 1340 932; x_wconf 84' lang='grc' dir='ltr'>Κόρινθον</span> <span class='ocrx_word' id='word_1_397' title='bbox 1353 905 1360 928; x_wconf 79' lang='lat'>3</span> <span class='ocrx_word' id='word_1_398' title='bbox 1377 894 1479 921; x_wconf 80' lang='grc' dir='ltr'>Οὗκοῧν</span> <span class='ocrx_word' id='word_1_399' title='bbox 1495 893 1685 930; x_wconf 81' lang='grc' dir='ltr'>ἐναντιολογίαν</span> <span class='ocrx_word' id='word_1_400' title='bbox 1698 892 1757 922; x_wconf 86' lang='grc' dir='ltr'>τινὰ</span> <span class='ocrx_word' id='word_1_401' title='bbox 1771 895 1835 931; x_wconf 82' lang='grc' dir='ltr'>ἡμῖν</span> 
     </span>
     <span class='ocr_line' id='line_1_60' title="bbox 1068 937 1835 978; baseline 0 -12"><span class='ocrx_word' id='word_1_402' title='bbox 1068 938 1179 976; x_wconf 76' lang='grc' dir='ltr'>εἰσάγεις</span> <span class='ocrx_word' id='word_1_403' title='bbox 1194 939 1312 966; x_wconf 78' lang='grc' dir='ltr'>ἐνταῦθα.</span> <span class='ocrx_word' id='word_1_404' title='bbox 1325 937 1458 976; x_wconf 76' lang='grc' dir='ltr'>Ἀνωτὲριι)</span> <span class='ocrx_word' id='word_1_405' title='bbox 1477 937 1523 975; x_wconf 79' lang='grc' dir='ltr'>μὲν</span> <span class='ocrx_word' id='word_1_406' title='bbox 1544 937 1594 978; x_wconf 82' lang='grc' dir='ltr'>γὰρ</span> <span class='ocrx_word' id='word_1_407' title='bbox 1617 938 1716 977; x_wconf 86' lang='grc' dir='ltr'>ἔλεγες,</span> <span class='ocrx_word' id='word_1_408' title='bbox 1729 937 1770 967; x_wconf 76' lang='grc' dir='ltr'>ὅτι</span> <span class='ocrx_word' id='word_1_409' title='bbox 1791 938 1835 966; x_wconf 85' lang='grc' dir='ltr'>διὰ</span> 
     </span>
     <span class='ocr_line' id='line_1_61' title="bbox 1067 979 1835 1022; baseline 0.001 -11"><span class='ocrx_word' id='word_1_410' title='bbox 1067 986 1143 1011; x_wconf 75' lang='grc' dir='ltr'>τοῦτο</span> <span class='ocrx_word' id='word_1_411' title='bbox 1154 985 1201 1011; x_wconf 81' lang='grc' dir='ltr'>οὐκ</span> <span class='ocrx_word' id='word_1_412' title='bbox 1212 979 1303 1018; x_wconf 71' lang='grc' dir='ltr'>ἦλθες,</span> <span class='ocrx_word' id='word_1_413' title='bbox 1319 983 1408 1018; x_wconf 79' lang='grc' dir='ltr'>ἐπειδὴ</span> <span class='ocrx_word' id='word_1_414' title='bbox 1421 985 1449 1011; x_wconf 86' lang='grc' dir='ltr'>οὐ</span> <span class='ocrx_word' id='word_1_415' title='bbox 1463 983 1531 1011; x_wconf 81' lang='grc' dir='ltr'>κατὰ</span> <span class='ocrx_word' id='word_1_416' title='bbox 1544 983 1629 1022; x_wconf 81' lang='grc' dir='ltr'>σάρκα</span> <span class='ocrx_word' id='word_1_417' title='bbox 1644 982 1764 1022; x_wconf 85' lang='grc' dir='ltr'>βουλεύῃ,</span> <span class='ocrx_word' id='word_1_418' title='bbox 1777 983 1835 1013; x_wconf 78' lang='grc' dir='ltr'>οὐδὲ</span> 
     </span>
     <span class='ocr_line' id='line_1_62' title="bbox 1067 1024 1835 1066; baseline 0 -10"><span class='ocrx_word' id='word_1_419' title='bbox 1067 1028 1153 1066; x_wconf 79' lang='grc' dir='ltr'>κύριος</span> <span class='ocrx_word' id='word_1_420' title='bbox 1175 1024 1199 1056; x_wconf 64' lang='grc' dir='ltr'>εἶ</span> <span class='ocrx_word' id='word_1_421' title='bbox 1211 1031 1321 1063; x_wconf 76' lang='grc' dir='ltr'>σαυτοῦ,</span> <span class='ocrx_word' id='word_1_422' title='bbox 1336 1028 1395 1056; x_wconf 76' lang='grc' dir='ltr'>ἀλλ’</span> <span class='ocrx_word' id='word_1_423' title='bbox 1412 1028 1462 1056; x_wconf 76' lang='grc' dir='ltr'>ὑπὸ</span> <span class='ocrx_word' id='word_1_424' title='bbox 1475 1031 1522 1063; x_wconf 76' lang='grc' dir='ltr'>τῆς</span> <span class='ocrx_word' id='word_1_425' title='bbox 1535 1032 1580 1057; x_wconf 82' lang='grc' dir='ltr'>τοῦ</span> <span class='ocrx_word' id='word_1_426' title='bbox 1594 1028 1749 1066; x_wconf 83' lang='grc' dir='ltr'>Πνεύματος</span> <span class='ocrx_word' id='word_1_427' title='bbox 1765 1027 1835 1060; x_wconf 78' lang='grc' dir='ltr'>ἐξου-</span> 
     </span>
     <span class='ocr_line' id='line_1_63' title="bbox 1068 1073 1834 1112; baseline 0 -11"><span class='ocrx_word' id='word_1_428' title='bbox 1068 1074 1124 1105; x_wconf 82' lang='grc' dir='ltr'>σίας</span> <span class='ocrx_word' id='word_1_429' title='bbox 1145 1076 1280 1112; x_wconf 72' lang='grc' dir='ltr'>πανταχοῦ</span> <span class='ocrx_word' id='word_1_430' title='bbox 1301 1073 1430 1112; x_wconf 81' lang='grc' dir='ltr'>περιάγῃ,</span> <span class='ocrx_word' id='word_1_431' title='bbox 1445 1073 1489 1101; x_wconf 79' lang='grc' dir='ltr'>καὶ</span> <span class='ocrx_word' id='word_1_432' title='bbox 1510 1073 1556 1105; x_wconf 79' lang='grc' dir='ltr'>τὰς</span> <span class='ocrx_word' id='word_1_433' title='bbox 1579 1074 1677 1112; x_wconf 76' lang='grc' dir='ltr'>θλίψεις</span> <span class='ocrx_word' id='word_1_434' title='bbox 1699 1075 1734 1106; x_wconf 84' lang='grc' dir='ltr'>εἷς</span> <span class='ocrx_word' id='word_1_435' title='bbox 1755 1074 1834 1112; x_wconf 84' lang='grc' dir='ltr'>μέσον</span> 
     </span>
     <span class='ocr_line' id='line_1_64' title="bbox 1067 1115 1835 1158; baseline 0.001 -11"><span class='ocrx_word' id='word_1_436' title='bbox 1067 1115 1128 1157; x_wconf 69' lang='grc' dir='ltr'>ἦγες</span> <span class='ocrx_word' id='word_1_437' title='bbox 1141 1131 1147 1137; x_wconf 86' lang='grc'><strong><em>·</em></strong></span> <span class='ocrx_word' id='word_1_438' title='bbox 1164 1121 1274 1148; x_wconf 79' lang='grc' dir='ltr'>ἐνταῦθα</span> <span class='ocrx_word' id='word_1_439' title='bbox 1288 1119 1314 1147; x_wconf 75' lang='grc' dir='ltr'>δὲ</span> <span class='ocrx_word' id='word_1_440' title='bbox 1331 1120 1373 1148; x_wconf 81' lang='grc' dir='ltr'>σὸν</span> <span class='ocrx_word' id='word_1_441' title='bbox 1385 1119 1434 1158; x_wconf 76' lang='grc' dir='ltr'>φῂς</span> <span class='ocrx_word' id='word_1_442' title='bbox 1457 1115 1522 1147; x_wconf 73' lang='grc' dir='ltr'>εἶναι</span> <span class='ocrx_word' id='word_1_443' title='bbox 1534 1120 1564 1147; x_wconf 89' lang='grc' dir='ltr'>τὸ</span> <span class='ocrx_word' id='word_1_444' title='bbox 1579 1119 1615 1155; x_wconf 85' lang='grc' dir='ltr'>μὴ</span> <span class='ocrx_word' id='word_1_445' title='bbox 1637 1121 1734 1154; x_wconf 78' lang='grc' dir='ltr'>ἐλθεῖν,</span> <span class='ocrx_word' id='word_1_446' title='bbox 1747 1119 1835 1148; x_wconf 76' lang='grc' dir='ltr'>οὐκέτι</span> 
     </span>
     <span class='ocr_line' id='line_1_65' title="bbox 1067 1164 1834 1204; baseline 0.001 -12"><span class='ocrx_word' id='word_1_447' title='bbox 1067 1167 1113 1199; x_wconf 71' lang='grc' dir='ltr'>τῆς</span> <span class='ocrx_word' id='word_1_448' title='bbox 1128 1168 1171 1194; x_wconf 71' lang='grc' dir='ltr'>τοῦ</span> <span class='ocrx_word' id='word_1_449' title='bbox 1182 1165 1336 1202; x_wconf 78' lang='grc' dir='ltr'>Πνεύματος</span> <span class='ocrx_word' id='word_1_450' title='bbox 1347 1164 1461 1197; x_wconf 80' lang='grc' dir='ltr'>ἐξουσίας</span> <span class='ocrx_word' id='word_1_451' title='bbox 1473 1176 1478 1181; x_wconf 93' lang='grc'><em>·</em></span> <span class='ocrx_word' id='word_1_452' title='bbox 1494 1165 1538 1193; x_wconf 79' lang='grc' dir='ltr'>καὶ</span> <span class='ocrx_word' id='word_1_453' title='bbox 1550 1165 1601 1204; x_wconf 77' lang='grc' dir='ltr'>γάρ</span> <span class='ocrx_word' id='word_1_454' title='bbox 1613 1176 1690 1203; x_wconf 78' lang='grc' dir='ltr'>φησιν</span> <span class='ocrx_word' id='word_1_455' title='bbox 1699 1188 1706 1200; x_wconf 82' lang='lat'>‚</span> <span class='ocrx_word' id='word_1_456' title='bbox 1717 1164 1757 1193; x_wconf 80' lang='grc' dir='ltr'>ὅτι</span> <span class='ocrx_word' id='word_1_457' title='bbox 1769 1166 1834 1193; x_wconf 81' lang='grc' dir='ltr'>Φει-</span> 
     </span>
     <span class='ocr_line' id='line_1_66' title="bbox 1068 1205 1834 1248; baseline 0 -10"><span class='ocrx_word' id='word_1_458' title='bbox 1068 1210 1173 1247; x_wconf 79' lang='grc' dir='ltr'>δόμενος</span> <span class='ocrx_word' id='word_1_459' title='bbox 1191 1211 1278 1247; x_wconf 77' lang='grc' dir='ltr'>ὑμῶν,</span> <span class='ocrx_word' id='word_1_460' title='bbox 1291 1212 1337 1238; x_wconf 82' lang='grc' dir='ltr'>οὐκ</span> <span class='ocrx_word' id='word_1_461' title='bbox 1354 1206 1431 1244; x_wconf 66' lang='grc' dir='ltr'>ἦλθον</span> <span class='ocrx_word' id='word_1_462' title='bbox 1449 1211 1484 1242; x_wconf 85' lang='grc' dir='ltr'>εἷς</span> <span class='ocrx_word' id='word_1_463' title='bbox 1500 1210 1633 1248; x_wconf 84' lang='grc' dir='ltr'>Κόρινθον.</span> <span class='ocrx_word' id='word_1_464' title='bbox 1650 1210 1686 1238; x_wconf 87' lang='grc' dir='ltr'>Τί</span> <span class='ocrx_word' id='word_1_465' title='bbox 1701 1205 1744 1238; x_wconf 60' lang='grc' dir='ltr'>οὖν</span> <span class='ocrx_word' id='word_1_466' title='bbox 1764 1212 1834 1239; x_wconf 85' lang='grc' dir='ltr'>ἐστιν</span> 
     </span>
    </p>
   </div>
   <div class='ocr_carea' id='block_1_14' title="bbox 1032 1251 1836 1292">
    <p class='ocr_par' dir='ltr' id='par_1_14' title="bbox 1032 1251 1836 1292">
     <span class='ocr_line' id='line_1_67' title="bbox 1032 1251 1836 1292; baseline 0 -9"><span class='ocrx_word' id='word_1_467' title='bbox 1032 1261 1051 1284; x_wconf 88' lang='grc' dir='ltr'><strong>Ε</strong></span> <span class='ocrx_word' id='word_1_468' title='bbox 1068 1257 1148 1283; x_wconf 80' lang='grc' dir='ltr'>εἰπεῖν</span> <span class='ocrx_word' id='word_1_469' title='bbox 1159 1268 1166 1290; x_wconf 81' lang='grc'>;</span> <span class='ocrx_word' id='word_1_470' title='bbox 1177 1255 1215 1283; x_wconf 88' lang='grc' dir='ltr'><strong><em>Ἢ</em></strong></span> <span class='ocrx_word' id='word_1_471' title='bbox 1230 1255 1269 1283; x_wconf 77' lang='grc' dir='ltr'>ὅτι</span> <span class='ocrx_word' id='word_1_472' title='bbox 1281 1255 1326 1283; x_wconf 80' lang='grc' dir='ltr'>καὶ</span> <span class='ocrx_word' id='word_1_473' title='bbox 1342 1258 1417 1283; x_wconf 78' lang='grc' dir='ltr'>τοῦτο</span> <span class='ocrx_word' id='word_1_474' title='bbox 1430 1255 1491 1283; x_wconf 79' lang='grc' dir='ltr'>αὐτὸ</span> <span class='ocrx_word' id='word_1_475' title='bbox 1506 1258 1550 1283; x_wconf 78' lang='grc' dir='ltr'>τοῦ</span> <span class='ocrx_word' id='word_1_476' title='bbox 1567 1255 1721 1292; x_wconf 76' lang='grc' dir='ltr'>Πνεύματος</span> <span class='ocrx_word' id='word_1_477' title='bbox 1731 1251 1778 1290; x_wconf 71' lang='grc' dir='ltr'>ἦν,</span> <span class='ocrx_word' id='word_1_478' title='bbox 1790 1255 1836 1284; x_wconf 88' lang='grc' dir='ltr'>καὶ</span> 
     </span>
    </p>
   </div>
   <div class='ocr_carea' id='block_1_15' title="bbox 1066 1301 1837 1704">
    <p class='ocr_par' dir='ltr' id='par_1_15' title="bbox 1066 1301 1837 1704">
     <span class='ocr_line' id='line_1_68' title="bbox 1067 1301 1834 1339; baseline 0 -10"><span class='ocrx_word' id='word_1_479' title='bbox 1067 1302 1179 1335; x_wconf 79' lang='grc' dir='ltr'>ἠθέλησε</span> <span class='ocrx_word' id='word_1_480' title='bbox 1195 1301 1240 1338; x_wconf 80' lang='grc' dir='ltr'>μὲν</span> <span class='ocrx_word' id='word_1_481' title='bbox 1254 1302 1328 1333; x_wconf 75' lang='grc' dir='ltr'>αὐτὸς</span> <span class='ocrx_word' id='word_1_482' title='bbox 1345 1303 1442 1336; x_wconf 78' lang='grc' dir='ltr'>ἐλθεῖν,</span> <span class='ocrx_word' id='word_1_483' title='bbox 1457 1301 1571 1329; x_wconf 66' lang='grc' dir='ltr'>ὑπέὸαλε</span> <span class='ocrx_word' id='word_1_484' title='bbox 1592 1301 1618 1329; x_wconf 81' lang='grc' dir='ltr'>δὲ</span> <span class='ocrx_word' id='word_1_485' title='bbox 1631 1301 1660 1329; x_wconf 75' lang='grc' dir='ltr'>τὸ</span> <span class='ocrx_word' id='word_1_486' title='bbox 1674 1302 1783 1339; x_wconf 77' lang='grc' dir='ltr'>Πνεῦμα</span> <span class='ocrx_word' id='word_1_487' title='bbox 1798 1301 1834 1338; x_wconf 86' lang='grc' dir='ltr'>μὴ</span> 
     </span>
     <span class='ocr_line' id='line_1_69' title="bbox 1066 1345 1835 1386; baseline 0 -12"><span class='ocrx_word' id='word_1_488' title='bbox 1066 1346 1274 1384; x_wconf 58' lang='grc' dir='ltr'>παραγενέσθαι,</span> <span class='ocrx_word' id='word_1_489' title='bbox 1285 1346 1332 1381; x_wconf 71' lang='grc' dir='ltr'>τὴν</span> <span class='ocrx_word' id='word_1_490' title='bbox 1347 1346 1426 1385; x_wconf 74' lang='grc' dir='ltr'>φειέὼ</span> <span class='ocrx_word' id='word_1_491' title='bbox 1442 1346 1489 1381; x_wconf 76' lang='grc' dir='ltr'>τὴν</span> <span class='ocrx_word' id='word_1_492' title='bbox 1505 1347 1590 1375; x_wconf 82' lang='grc' dir='ltr'>αὐτῶν</span> <span class='ocrx_word' id='word_1_493' title='bbox 1607 1345 1819 1386; x_wconf 65' lang='grc' dir='ltr'>προὸαλλόμενον</span> <span class='ocrx_word' id='word_1_494' title='bbox 1829 1358 1835 1364; x_wconf 90' lang='lat'><strong>·</strong></span> 
     </span>
     <span class='ocr_line' id='line_1_70' title="bbox 1066 1390 1835 1431; baseline -0.001 -12"><span class='ocrx_word' id='word_1_495' title='bbox 1066 1391 1083 1426; x_wconf 80' lang='grc' dir='ltr'>ἢ</span> <span class='ocrx_word' id='word_1_496' title='bbox 1104 1392 1165 1431; x_wconf 75' lang='grc' dir='ltr'>περὶ</span> <span class='ocrx_word' id='word_1_497' title='bbox 1185 1391 1274 1430; x_wconf 77' lang='grc' dir='ltr'>ἐτέρας</span> <span class='ocrx_word' id='word_1_498' title='bbox 1295 1392 1365 1429; x_wconf 79' lang='grc' dir='ltr'>λέγει</span> <span class='ocrx_word' id='word_1_499' title='bbox 1388 1391 1549 1430; x_wconf 77' lang='grc' dir='ltr'>παρουσίας,</span> <span class='ocrx_word' id='word_1_500' title='bbox 1565 1392 1650 1426; x_wconf 77' lang='grc' dir='ltr'>δηλῶν</span> <span class='ocrx_word' id='word_1_501' title='bbox 1673 1390 1712 1418; x_wconf 77' lang='grc' dir='ltr'>ὅτι</span> <span class='ocrx_word' id='word_1_502' title='bbox 1733 1391 1794 1429; x_wconf 73' lang='grc' dir='ltr'>’πρὶν</span> <span class='ocrx_word' id='word_1_503' title='bbox 1818 1390 1835 1424; x_wconf 82' lang='grc' dir='ltr'>ἢ</span> 
     </span>
     <span class='ocr_line' id='line_1_71' title="bbox 1066 1436 1837 1476; baseline -0.001 -12"><span class='ocrx_word' id='word_1_504' title='bbox 1066 1437 1166 1475; x_wconf 71' lang='grc' dir='ltr'>γράψαι</span> <span class='ocrx_word' id='word_1_505' title='bbox 1183 1437 1227 1472; x_wconf 74' lang='grc' dir='ltr'>τὴν</span> <span class='ocrx_word' id='word_1_506' title='bbox 1241 1436 1369 1476; x_wconf 81' lang='grc' dir='ltr'>προτέραν</span> <span class='ocrx_word' id='word_1_507' title='bbox 1382 1437 1531 1471; x_wconf 85' lang='grc' dir='ltr'>ἐπιστολὴν,</span> <span class='ocrx_word' id='word_1_508' title='bbox 1545 1436 1670 1471; x_wconf 79' lang='grc' dir='ltr'>ἠθέλησεν</span> <span class='ocrx_word' id='word_1_509' title='bbox 1687 1437 1777 1471; x_wconf 81' lang='grc' dir='ltr'>ἐλθεῖν,</span> <span class='ocrx_word' id='word_1_510' title='bbox 1792 1436 1837 1464; x_wconf 82' lang='grc' dir='ltr'>καὶ</span> 
     </span>
     <span class='ocr_line' id='line_1_72' title="bbox 1068 1481 1837 1522; baseline -0.003 -11"><span class='ocrx_word' id='word_1_511' title='bbox 1068 1484 1196 1522; x_wconf 67' lang='grc' dir='ltr'>κατέσχεν</span> <span class='ocrx_word' id='word_1_512' title='bbox 1219 1484 1310 1511; x_wconf 71' lang='grc' dir='ltr'>ἑαυτὸν</span> <span class='ocrx_word' id='word_1_513' title='bbox 1330 1483 1362 1510; x_wconf 82' lang='grc' dir='ltr'>δι’</span> <span class='ocrx_word' id='word_1_514' title='bbox 1380 1483 1500 1520; x_wconf 70' lang='grc' dir='ltr'>ἀγάπην,</span> <span class='ocrx_word' id='word_1_515' title='bbox 1521 1482 1589 1510; x_wconf 84' lang='grc' dir='ltr'>ὥστε</span> <span class='ocrx_word' id='word_1_516' title='bbox 1610 1482 1646 1520; x_wconf 80' lang='grc' dir='ltr'>μὴ</span> <span class='ocrx_word' id='word_1_517' title='bbox 1671 1481 1837 1520; x_wconf 80' lang='grc' dir='ltr'>ἀδιορθώτοις</span> 
     </span>
     <span class='ocr_line' id='line_1_73' title="bbox 1068 1527 1837 1566; baseline -0.003 -9"><span class='ocrx_word' id='word_1_518' title='bbox 1068 1531 1214 1562; x_wconf 73' lang='grc' dir='ltr'>ἐπιστῆναι.</span> <span class='ocrx_word' id='word_1_519' title='bbox 1232 1529 1309 1560; x_wconf 78' lang='grc' dir='ltr'>Εἰκὸς</span> <span class='ocrx_word' id='word_1_520' title='bbox 1324 1528 1350 1556; x_wconf 76' lang='grc' dir='ltr'>δὲ</span> <span class='ocrx_word' id='word_1_521' title='bbox 1365 1528 1409 1556; x_wconf 81' lang='grc' dir='ltr'>καὶ</span> <span class='ocrx_word' id='word_1_522' title='bbox 1428 1527 1496 1565; x_wconf 81' lang='grc' dir='ltr'>μετὰ</span> <span class='ocrx_word' id='word_1_523' title='bbox 1517 1527 1564 1563; x_wconf 83' lang='grc' dir='ltr'>τὴν</span> <span class='ocrx_word' id='word_1_524' title='bbox 1582 1527 1703 1566; x_wconf 79' lang='grc' dir='ltr'>δευτέραν</span> <span class='ocrx_word' id='word_1_525' title='bbox 1727 1529 1837 1556; x_wconf 87' lang='grc' dir='ltr'>ἐπιστο-</span> 
     </span>
     <span class='ocr_line' id='line_1_74' title="bbox 1068 1571 1837 1610; baseline -0.003 -8"><span class='ocrx_word' id='word_1_526' title='bbox 1068 1574 1130 1609; x_wconf 79' lang='grc' dir='ltr'>λὴν,</span> <span class='ocrx_word' id='word_1_527' title='bbox 1145 1577 1189 1602; x_wconf 72' lang='grc' dir='ltr'>τοῦ</span> <span class='ocrx_word' id='word_1_528' title='bbox 1202 1573 1355 1609; x_wconf 77' lang='grc' dir='ltr'>Πνεύματος</span> <span class='ocrx_word' id='word_1_529' title='bbox 1371 1573 1466 1610; x_wconf 75' lang='grc' dir='ltr'>μηκέτι</span> <span class='ocrx_word' id='word_1_530' title='bbox 1478 1572 1622 1604; x_wconf 75' lang='grc' dir='ltr'>κωλύοντος</span> <span class='ocrx_word' id='word_1_531' title='bbox 1636 1572 1726 1609; x_wconf 76' lang='grc' dir='ltr'>αὐτὸν,</span> <span class='ocrx_word' id='word_1_532' title='bbox 1743 1571 1837 1600; x_wconf 82' lang='grc' dir='ltr'>ἑκόντα</span> 
     </span>
     <span class='ocr_line' id='line_1_75' title="bbox 1069 1617 1835 1656; baseline -0.003 -9"><span class='ocrx_word' id='word_1_533' title='bbox 1069 1619 1112 1647; x_wconf 75' lang='grc' dir='ltr'>διὰ</span> <span class='ocrx_word' id='word_1_534' title='bbox 1126 1619 1172 1654; x_wconf 80' lang='grc' dir='ltr'>τὴν</span> <span class='ocrx_word' id='word_1_535' title='bbox 1188 1619 1272 1647; x_wconf 83' lang='grc' dir='ltr'>αἰτίαν</span> <span class='ocrx_word' id='word_1_536' title='bbox 1287 1618 1385 1652; x_wconf 73' lang='grc' dir='ltr'>ταύτην</span> <span class='ocrx_word' id='word_1_537' title='bbox 1409 1623 1505 1656; x_wconf 84' lang='grc' dir='ltr'>μεῖναι.</span> <span class='ocrx_word' id='word_1_538' title='bbox 1525 1617 1562 1646; x_wconf 69' lang='grc' dir='ltr'>ιῸ</span> <span class='ocrx_word' id='word_1_539' title='bbox 1583 1617 1628 1646; x_wconf 79' lang='grc' dir='ltr'>καὶ</span> <span class='ocrx_word' id='word_1_540' title='bbox 1652 1617 1751 1655; x_wconf 85' lang='grc' dir='ltr'>μᾶλλόν</span> <span class='ocrx_word' id='word_1_541' title='bbox 1766 1619 1835 1646; x_wconf 82' lang='grc' dir='ltr'>ἐστιν</span> 
     </span>
     <span class='ocr_line' id='line_1_76' title="bbox 1069 1663 1837 1704; baseline -0.003 -11"><span class='ocrx_word' id='word_1_542' title='bbox 1069 1668 1245 1699; x_wconf 77' lang='grc' dir='ltr'>ὑποπτεῦσαι,</span> <span class='ocrx_word' id='word_1_543' title='bbox 1270 1664 1309 1692; x_wconf 77' lang='grc' dir='ltr'>ὅτι</span> <span class='ocrx_word' id='word_1_544' title='bbox 1333 1664 1405 1704; x_wconf 83' lang='grc' dir='ltr'>παρὰ</span> <span class='ocrx_word' id='word_1_545' title='bbox 1430 1664 1476 1701; x_wconf 74' lang='grc' dir='ltr'>μὲν</span> <span class='ocrx_word' id='word_1_546' title='bbox 1497 1663 1544 1698; x_wconf 77' lang='grc' dir='ltr'>τὴν</span> <span class='ocrx_word' id='word_1_547' title='bbox 1569 1663 1653 1703; x_wconf 80' lang='grc' dir='ltr'>ἀρχὴν</span> <span class='ocrx_word' id='word_1_548' title='bbox 1673 1663 1703 1692; x_wconf 80' lang='grc' dir='ltr'>τὸ</span> <span class='ocrx_word' id='word_1_549' title='bbox 1726 1664 1837 1701; x_wconf 76' lang='grc' dir='ltr'>Πνεῦμα</span> 
     </span>
    </p>
   </div>
   <div class='ocr_carea' id='block_1_16' title="bbox 1024 1709 1837 1793">
    <p class='ocr_par' dir='ltr' id='par_1_16' title="bbox 1024 1709 1837 1793">
     <span class='ocr_line' id='line_1_77' title="bbox 1024 1709 1837 1752; baseline -0.002 -13"><span class='ocrx_word' id='word_1_550' title='bbox 1024 1733 1059 1752; x_wconf 68' lang='lat'>455</span> <span class='ocrx_word' id='word_1_551' title='bbox 1069 1710 1181 1740; x_wconf 83' lang='grc' dir='ltr'>ἐκώλυεν</span> <span class='ocrx_word' id='word_1_552' title='bbox 1194 1721 1200 1727; x_wconf 92' lang='grc'>·</span> <span class='ocrx_word' id='word_1_553' title='bbox 1217 1709 1324 1748; x_wconf 78' lang='grc' dir='ltr'>ὕστερον</span> <span class='ocrx_word' id='word_1_554' title='bbox 1345 1710 1371 1738; x_wconf 77' lang='grc' dir='ltr'>δὲ</span> <span class='ocrx_word' id='word_1_555' title='bbox 1397 1710 1442 1738; x_wconf 86' lang='grc' dir='ltr'>καὶ</span> <span class='ocrx_word' id='word_1_556' title='bbox 1464 1710 1540 1741; x_wconf 80' lang='grc' dir='ltr'>αὐτὸς</span> <span class='ocrx_word' id='word_1_557' title='bbox 1561 1709 1776 1747; x_wconf 78' lang='grc' dir='ltr'>ἐπιλογισάμενος</span> <span class='ocrx_word' id='word_1_558' title='bbox 1796 1709 1837 1737; x_wconf 80' lang='grc' dir='ltr'>ὅτι</span> 
     </span>
     <span class='ocr_line' id='line_1_78' title="bbox 1033 1753 1837 1793; baseline -0.001 -11"><span class='ocrx_word' id='word_1_559' title='bbox 1033 1762 1052 1782; x_wconf 85' lang='grc' dir='ltr'>Α</span> <span class='ocrx_word' id='word_1_560' title='bbox 1069 1758 1144 1784; x_wconf 78' lang='grc' dir='ltr'>τοῦτο</span> <span class='ocrx_word' id='word_1_561' title='bbox 1165 1755 1279 1793; x_wconf 80' lang='grc' dir='ltr'>βέλτιον,</span> <span class='ocrx_word' id='word_1_562' title='bbox 1298 1755 1393 1792; x_wconf 84' lang='grc' dir='ltr'>ἔμεινε.</span> <span class='ocrx_word' id='word_1_563' title='bbox 1407 1754 1444 1783; x_wconf 78' lang='grc' dir='ltr'>Σὺ</span> <span class='ocrx_word' id='word_1_564' title='bbox 1467 1754 1495 1783; x_wconf 79' lang='grc' dir='ltr'>δέ</span> <span class='ocrx_word' id='word_1_565' title='bbox 1517 1766 1561 1791; x_wconf 87' lang='grc' dir='ltr'>μοι</span> <span class='ocrx_word' id='word_1_566' title='bbox 1579 1753 1671 1782; x_wconf 85' lang='grc' dir='ltr'>σκόπει</span> <span class='ocrx_word' id='word_1_567' title='bbox 1686 1755 1742 1786; x_wconf 83' lang='grc' dir='ltr'>πῶς</span> <span class='ocrx_word' id='word_1_568' title='bbox 1757 1753 1837 1781; x_wconf 82' lang='grc' dir='ltr'>πάλιν</span> 
     </span>
    </p>
   </div>
   <div class='ocr_carea' id='block_1_17' title="bbox 1068 1798 1838 2015">
    <p class='ocr_par' dir='ltr' id='par_1_17' title="bbox 1068 1798 1838 2015">
     <span class='ocr_line' id='line_1_79' title="bbox 1069 1798 1838 1838; baseline -0.001 -10"><span class='ocrx_word' id='word_1_569' title='bbox 1069 1803 1162 1829; x_wconf 75' lang='grc' dir='ltr'>ἑαυτοῦ</span> <span class='ocrx_word' id='word_1_570' title='bbox 1177 1800 1317 1838; x_wconf 79' lang='grc' dir='ltr'>μέμνηται,</span> <span class='ocrx_word' id='word_1_571' title='bbox 1329 1801 1342 1829; x_wconf 83' lang='grc' dir='ltr'>ὃ</span> <span class='ocrx_word' id='word_1_572' title='bbox 1355 1803 1471 1838; x_wconf 78' lang='grc' dir='ltr'>συνεχῶς</span> <span class='ocrx_word' id='word_1_573' title='bbox 1483 1800 1566 1838; x_wconf 82' lang='grc' dir='ltr'>λέγειν</span> <span class='ocrx_word' id='word_1_574' title='bbox 1583 1801 1611 1827; x_wconf 85' lang='grc' dir='ltr'>οὔ</span> <span class='ocrx_word' id='word_1_575' title='bbox 1626 1798 1773 1836; x_wconf 76' lang='grc' dir='ltr'>παύσομαι,</span> <span class='ocrx_word' id='word_1_576' title='bbox 1785 1799 1838 1827; x_wconf 85' lang='grc' dir='ltr'>ἀπὸ</span> 
     </span>
     <span class='ocr_line' id='line_1_80' title="bbox 1068 1843 1838 1884; baseline -0.001 -11"><span class='ocrx_word' id='word_1_577' title='bbox 1068 1849 1120 1874; x_wconf 83' lang='grc' dir='ltr'>τῶν</span> <span class='ocrx_word' id='word_1_578' title='bbox 1142 1846 1263 1873; x_wconf 78' lang='grc' dir='ltr'>ἐναντίων</span> <span class='ocrx_word' id='word_1_579' title='bbox 1287 1847 1370 1884; x_wconf 73' lang='grc' dir='ltr'>ἑαυτῷ</span> <span class='ocrx_word' id='word_1_580' title='bbox 1386 1845 1581 1882; x_wconf 83' lang='grc' dir='ltr'>συνιστάμενος.</span> <span class='ocrx_word' id='word_1_581' title='bbox 1597 1844 1707 1878; x_wconf 77' lang='grc' dir='ltr'>Ἐπειδὴ</span> <span class='ocrx_word' id='word_1_582' title='bbox 1721 1843 1773 1883; x_wconf 77' lang='grc' dir='ltr'>γὰρ</span> <span class='ocrx_word' id='word_1_583' title='bbox 1792 1844 1838 1872; x_wconf 73' lang='grc' dir='ltr'>καὶ</span> 
     </span>
     <span class='ocr_line' id='line_1_81' title="bbox 1068 1887 1838 1927; baseline -0.001 -9"><span class='ocrx_word' id='word_1_584' title='bbox 1068 1894 1144 1919; x_wconf 74' lang='grc' dir='ltr'>τοῦτο</span> <span class='ocrx_word' id='word_1_585' title='bbox 1157 1891 1224 1923; x_wconf 68' lang='grc' dir='ltr'>εἰκὸς</span> <span class='ocrx_word' id='word_1_586' title='bbox 1239 1887 1269 1925; x_wconf 66' lang='grc' dir='ltr'>ἦν</span> <span class='ocrx_word' id='word_1_587' title='bbox 1283 1890 1436 1919; x_wconf 77' lang='grc' dir='ltr'>ὑποπτεύειν</span> <span class='ocrx_word' id='word_1_588' title='bbox 1451 1890 1559 1924; x_wconf 73' lang='grc' dir='ltr'>αὐτοὺς,</span> <span class='ocrx_word' id='word_1_589' title='bbox 1572 1889 1616 1917; x_wconf 84' lang='grc' dir='ltr'>καὶ</span> <span class='ocrx_word' id='word_1_590' title='bbox 1631 1889 1727 1927; x_wconf 83' lang='grc' dir='ltr'>λέγειν,</span> <span class='ocrx_word' id='word_1_591' title='bbox 1740 1889 1780 1918; x_wconf 77' lang='grc' dir='ltr'>ὅτι</span> <span class='ocrx_word' id='word_1_592' title='bbox 1794 1889 1838 1917; x_wconf 85' lang='grc' dir='ltr'>διὰ</span> 
     </span>
     <span class='ocr_line' id='line_1_82' title="bbox 1524 1934 1837 1973; baseline 0 -11"><span class='ocrx_word' id='word_1_593' title='bbox 1524 1934 1652 1972; x_wconf 77' lang='grc' dir='ltr'>ἐμίσησας</span> <span class='ocrx_word' id='word_1_594' title='bbox 1678 1934 1729 1973; x_wconf 85' lang='grc' dir='ltr'>γὰρ</span> <span class='ocrx_word' id='word_1_595' title='bbox 1752 1937 1837 1972; x_wconf 79' lang='grc' dir='ltr'>ἡμᾶς·</span> 
     </span>
     <span class='ocr_line' id='line_1_83' title="bbox 1071 1979 1838 2015; baseline -0.001 -7"><span class='ocrx_word' id='word_1_596' title='bbox 1071 1980 1183 2009; x_wconf 77' lang='grc' dir='ltr'>δείκνυσι</span> <span class='ocrx_word' id='word_1_597' title='bbox 1207 1980 1354 2008; x_wconf 80' lang='grc' dir='ltr'>τούναντίον</span> <span class='ocrx_word' id='word_1_598' title='bbox 1365 2003 1371 2015; x_wconf 87' lang='grc'>,</span> <span class='ocrx_word' id='word_1_599' title='bbox 1394 1979 1434 2008; x_wconf 79' lang='grc' dir='ltr'>ὅτι</span> <span class='ocrx_word' id='word_1_600' title='bbox 1460 1979 1501 2007; x_wconf 82' lang='grc' dir='ltr'>διὰ</span> <span class='ocrx_word' id='word_1_601' title='bbox 1525 1982 1601 2007; x_wconf 73' lang='grc' dir='ltr'>τοῦτο</span> <span class='ocrx_word' id='word_1_602' title='bbox 1626 1981 1671 2007; x_wconf 80' lang='grc' dir='ltr'>οὐκ</span> <span class='ocrx_word' id='word_1_603' title='bbox 1697 1979 1838 2014; x_wconf 77' lang='grc' dir='ltr'>ἠθέλησεν,</span> 
     </span>
    </p>
   </div>
   <div class='ocr_carea' id='block_1_18' title="bbox 1069 1936 1500 1970">
    <p class='ocr_par' dir='ltr' id='par_1_18' title="bbox 1069 1936 1500 1970">
     <span class='ocr_line' id='line_1_84' title="bbox 1069 1936 1500 1970; baseline -0.005 -6"><span class='ocrx_word' id='word_1_604' title='bbox 1069 1939 1145 1964; x_wconf 69' lang='grc' dir='ltr'>τοῦτο</span> <span class='ocrx_word' id='word_1_605' title='bbox 1170 1937 1215 1964; x_wconf 75' lang='grc' dir='ltr'>οὐκ</span> <span class='ocrx_word' id='word_1_606' title='bbox 1237 1936 1367 1970; x_wconf 74' lang='grc' dir='ltr'>ἠθέλησας</span> <span class='ocrx_word' id='word_1_607' title='bbox 1393 1936 1475 1963; x_wconf 77' lang='grc' dir='ltr'>ἐλθεῖν</span> <span class='ocrx_word' id='word_1_608' title='bbox 1494 1946 1500 1952; x_wconf 85' lang='lat'><strong>·</strong></span> 
     </span>
    </p>
   </div>
   <div class='ocr_carea' id='block_1_19' title="bbox 1069 2024 1840 2207">
    <p class='ocr_par' dir='ltr' id='par_1_19' title="bbox 1069 2024 1840 2207">
     <span class='ocr_line' id='line_1_85' title="bbox 1071 2024 1837 2064; baseline -0.003 -10"><span class='ocrx_word' id='word_1_609' title='bbox 1071 2027 1160 2060; x_wconf 76' lang='grc' dir='ltr'>ἐπειδὴ</span> <span class='ocrx_word' id='word_1_610' title='bbox 1183 2026 1264 2064; x_wconf 59' lang='grc' dir='ltr'>ἐφίλει</span> <span class='ocrx_word' id='word_1_611' title='bbox 1290 2025 1390 2057; x_wconf 76' lang='grc' dir='ltr'>αὐτούς.</span> <span class='ocrx_word' id='word_1_612' title='bbox 1415 2025 1450 2053; x_wconf 90' lang='grc' dir='ltr'>Τί</span> <span class='ocrx_word' id='word_1_613' title='bbox 1473 2025 1500 2053; x_wconf 80' lang='grc' dir='ltr'>δέ</span> <span class='ocrx_word' id='word_1_614' title='bbox 1521 2026 1576 2052; x_wconf 81' lang='grc' dir='ltr'>ἐστι</span> <span class='ocrx_word' id='word_1_615' title='bbox 1596 2024 1639 2058; x_wconf 81' lang='grc' dir='ltr'>τὸ,</span> <span class='ocrx_word' id='word_1_616' title='bbox 1663 2024 1837 2062; x_wconf 81' lang='grc' dir='ltr'>Φειδόμενος;</span> 
     </span>
     <span class='ocr_line' id='line_1_86' title="bbox 1069 2070 1839 2109; baseline -0.003 -10"><span class='ocrx_word' id='word_1_617' title='bbox 1069 2071 1203 2104; x_wconf 79' lang='grc' dir='ltr'>ἼΙκουσα,</span> <span class='ocrx_word' id='word_1_618' title='bbox 1217 2070 1294 2109; x_wconf 70' lang='grc' dir='ltr'>φησὶν</span> <span class='ocrx_word' id='word_1_619' title='bbox 1303 2092 1310 2105; x_wconf 95' lang='grc'>,</span> <span class='ocrx_word' id='word_1_620' title='bbox 1324 2070 1363 2098; x_wconf 77' lang='grc' dir='ltr'>ὅτι</span> <span class='ocrx_word' id='word_1_621' title='bbox 1377 2070 1532 2108; x_wconf 74' lang='grc' dir='ltr'>ἐπόρνευσαν</span> <span class='ocrx_word' id='word_1_622' title='bbox 1545 2081 1612 2102; x_wconf 86' lang='grc' dir='ltr'>τινες</span> <span class='ocrx_word' id='word_1_623' title='bbox 1624 2071 1687 2108; x_wconf 78' lang='grc' dir='ltr'>παρ’</span> <span class='ocrx_word' id='word_1_624' title='bbox 1698 2071 1758 2107; x_wconf 76' lang='grc' dir='ltr'>ὑμῖν</span> <span class='ocrx_word' id='word_1_625' title='bbox 1770 2081 1776 2086; x_wconf 94' lang='grc'>·</span> <span class='ocrx_word' id='word_1_626' title='bbox 1791 2071 1839 2098; x_wconf 81' lang='grc' dir='ltr'>οὐκ</span> 
     </span>
     <span class='ocr_line' id='line_1_87' title="bbox 1071 2114 1837 2156; baseline -0.003 -9"><span class='ocrx_word' id='word_1_627' title='bbox 1071 2118 1161 2153; x_wconf 79' lang='grc' dir='ltr'>ἤθελον</span> <span class='ocrx_word' id='word_1_628' title='bbox 1182 2114 1224 2147; x_wconf 74' lang='grc' dir='ltr'>οῧν</span> <span class='ocrx_word' id='word_1_629' title='bbox 1249 2118 1329 2146; x_wconf 83' lang='grc' dir='ltr'>ἐλθὼν</span> <span class='ocrx_word' id='word_1_630' title='bbox 1353 2119 1471 2152; x_wconf 71' lang='grc' dir='ltr'>λυπῆσαι</span> <span class='ocrx_word' id='word_1_631' title='bbox 1490 2119 1567 2154; x_wconf 80' lang='grc' dir='ltr'>ὑμᾶς.</span> <span class='ocrx_word' id='word_1_632' title='bbox 1588 2117 1640 2146; x_wconf 80' lang='grc' dir='ltr'>Καὶ</span> <span class='ocrx_word' id='word_1_633' title='bbox 1661 2117 1712 2156; x_wconf 86' lang='grc' dir='ltr'>γὰρ</span> <span class='ocrx_word' id='word_1_634' title='bbox 1737 2116 1837 2155; x_wconf 78' lang='grc' dir='ltr'>ἀνάγκη</span> 
     </span>
     <span class='ocr_line' id='line_1_88' title="bbox 1071 2166 1840 2207; baseline -0.004 -10"><span class='ocrx_word' id='word_1_635' title='bbox 1071 2168 1188 2207; x_wconf 82' lang='grc' dir='ltr'>παρόντα</span> <span class='ocrx_word' id='word_1_636' title='bbox 1202 2168 1323 2201; x_wconf 79' lang='grc' dir='ltr'>ἐξετάσαι</span> <span class='ocrx_word' id='word_1_637' title='bbox 1333 2168 1363 2196; x_wconf 85' lang='grc' dir='ltr'>τὸ</span> <span class='ocrx_word' id='word_1_638' title='bbox 1377 2172 1498 2206; x_wconf 80' lang='grc' dir='ltr'>πρᾶγμα,</span> <span class='ocrx_word' id='word_1_639' title='bbox 1512 2167 1557 2195; x_wconf 79' lang='grc' dir='ltr'>καὶ</span> <span class='ocrx_word' id='word_1_640' title='bbox 1572 2166 1716 2199; x_wconf 79' lang='grc' dir='ltr'>ἐπεξελθεῖν</span> <span class='ocrx_word' id='word_1_641' title='bbox 1732 2166 1777 2194; x_wconf 75' lang='grc' dir='ltr'>καὶ</span> <span class='ocrx_word' id='word_1_642' title='bbox 1790 2176 1840 2194; x_wconf 78' lang='grc' dir='ltr'>κο-</span> 
     </span>
    </p>
   </div>
   <div class='ocr_carea' id='block_1_20' title="bbox 1034 2211 1842 2254">
    <p class='ocr_par' dir='ltr' id='par_1_20' title="bbox 1034 2211 1842 2254">
     <span class='ocr_line' id='line_1_89' title="bbox 1034 2211 1842 2254; baseline -0.004 -7"><span class='ocrx_word' id='word_1_643' title='bbox 1034 2225 1051 2247; x_wconf 83' lang='grc' dir='ltr'><strong><em>Β</em></strong></span> <span class='ocrx_word' id='word_1_644' title='bbox 1070 2220 1161 2254; x_wconf 64' lang='lat' dir='ltr'>Manu,</span> <span class='ocrx_word' id='word_1_645' title='bbox 1180 2219 1224 2247; x_wconf 83' lang='grc' dir='ltr'>καὶ</span> <span class='ocrx_word' id='word_1_646' title='bbox 1238 2218 1350 2250; x_wconf 76' lang='grc' dir='ltr'>πολλοὺς</span> <span class='ocrx_word' id='word_1_647' title='bbox 1365 2219 1511 2252; x_wconf 71' lang='grc' dir='ltr'>ἀπαιτῆσαι</span> <span class='ocrx_word' id='word_1_648' title='bbox 1524 2217 1608 2252; x_wconf 85' lang='grc' dir='ltr'>δίκην.</span> <span class='ocrx_word' id='word_1_649' title='bbox 1623 2216 1730 2245; x_wconf 82' lang='grc' dir='ltr'>Βέλτιον</span> <span class='ocrx_word' id='word_1_650' title='bbox 1746 2214 1788 2246; x_wconf 70' lang='grc' dir='ltr'>οὖν</span> <span class='ocrx_word' id='word_1_651' title='bbox 1802 2211 1842 2244; x_wconf 68' lang='grc' dir='ltr'>εἶ’-</span> 
     </span>
    </p>
   </div>
   <div class='ocr_carea' id='block_1_21' title="bbox 1070 2265 1841 2607">
    <p class='ocr_par' dir='ltr' id='par_1_21' title="bbox 1070 2265 1841 2607">
     <span class='ocr_line' id='line_1_90' title="bbox 1070 2265 1841 2306; baseline -0.005 -9"><span class='ocrx_word' id='word_1_652' title='bbox 1070 2281 1112 2298; x_wconf 92' lang='grc' dir='ltr'>ναι</span> <span class='ocrx_word' id='word_1_653' title='bbox 1129 2269 1238 2306; x_wconf 81' lang='grc' dir='ltr'>ἐνόμισα</span> <span class='ocrx_word' id='word_1_654' title='bbox 1251 2271 1371 2302; x_wconf 83' lang='grc' dir='ltr'>ἀπεῖναι,</span> <span class='ocrx_word' id='word_1_655' title='bbox 1386 2267 1432 2296; x_wconf 76' lang='grc' dir='ltr'>καί</span> <span class='ocrx_word' id='word_1_656' title='bbox 1442 2268 1556 2295; x_wconf 75' lang='grc' dir='ltr'>ἐνδοῦναι</span> <span class='ocrx_word' id='word_1_657' title='bbox 1572 2269 1745 2304; x_wconf 68' lang='grc' dir='ltr'>μετανοῆσαι,</span> <span class='ocrx_word' id='word_1_658' title='bbox 1757 2265 1774 2299; x_wconf 84' lang='grc' dir='ltr'>ἢ</span> <span class='ocrx_word' id='word_1_659' title='bbox 1789 2276 1841 2293; x_wconf 85' lang='grc' dir='ltr'>πα-</span> 
     </span>
     <span class='ocr_line' id='line_1_91' title="bbox 1073 2314 1839 2358; baseline -0.008 -10"><span class='ocrx_word' id='word_1_660' title='bbox 1073 2319 1122 2358; x_wconf 82' lang='grc' dir='ltr'>ρὼν</span> <span class='ocrx_word' id='word_1_661' title='bbox 1138 2319 1297 2354; x_wconf 78' lang='grc' dir='ltr'>ἐπεξελθεῖν,</span> <span class='ocrx_word' id='word_1_662' title='bbox 1310 2318 1355 2346; x_wconf 81' lang='grc' dir='ltr'>καὶ</span> <span class='ocrx_word' id='word_1_663' title='bbox 1368 2317 1557 2356; x_wconf 78' lang='grc' dir='ltr'>παροξυνθῆναι</span> <span class='ocrx_word' id='word_1_664' title='bbox 1575 2316 1706 2354; x_wconf 84' lang='grc' dir='ltr'>μειζόνως.</span> <span class='ocrx_word' id='word_1_665' title='bbox 1721 2315 1774 2343; x_wconf 87' lang='grc' dir='ltr'>Καὶ</span> <span class='ocrx_word' id='word_1_666' title='bbox 1788 2314 1839 2353; x_wconf 77' lang='grc' dir='ltr'>γὰρ</span> 
     </span>
     <span class='ocr_line' id='line_1_92' title="bbox 1070 2363 1839 2408; baseline -0.008 -11"><span class='ocrx_word' id='word_1_667' title='bbox 1070 2369 1134 2408; x_wconf 75' lang='grc' dir='ltr'>πρὸς</span> <span class='ocrx_word' id='word_1_668' title='bbox 1145 2371 1182 2407; x_wconf 76' lang='grc' dir='ltr'>τῷ</span> <span class='ocrx_word' id='word_1_669' title='bbox 1193 2368 1261 2396; x_wconf 83' lang='grc' dir='ltr'>τέλει</span> <span class='ocrx_word' id='word_1_670' title='bbox 1273 2370 1319 2402; x_wconf 81' lang='grc' dir='ltr'>τ’ἧς</span> <span class='ocrx_word' id='word_1_671' title='bbox 1330 2367 1468 2400; x_wconf 68' lang='grc' dir='ltr'>ἐπιστολῆς</span> <span class='ocrx_word' id='word_1_672' title='bbox 1480 2367 1568 2404; x_wconf 79' lang='grc' dir='ltr'>σαφῶς</span> <span class='ocrx_word' id='word_1_673' title='bbox 1580 2365 1642 2393; x_wconf 76' lang='grc' dir='ltr'>αὐτὸ</span> <span class='ocrx_word' id='word_1_674' title='bbox 1653 2363 1839 2402; x_wconf 75' lang='grc' dir='ltr'>παρεδήλωσεν</span> 
     </span>
     <span class='ocr_line' id='line_1_93' title="bbox 1071 2413 1840 2456; baseline -0.009 -8"><span class='ocrx_word' id='word_1_675' title='bbox 1071 2419 1168 2455; x_wconf 77' lang='grc' dir='ltr'>εἰπὼν,</span> <span class='ocrx_word' id='word_1_676' title='bbox 1184 2418 1323 2456; x_wconf 47' lang='lat' dir='ltr'>motionum:</span> <span class='ocrx_word' id='word_1_677' title='bbox 1345 2417 1381 2454; x_wconf 81' lang='grc' dir='ltr'>μή</span> <span class='ocrx_word' id='word_1_678' title='bbox 1406 2427 1461 2447; x_wconf 88' lang='grc' dir='ltr'>πως</span> <span class='ocrx_word' id='word_1_679' title='bbox 1483 2415 1590 2444; x_wconf 80' lang='grc' dir='ltr'>ἐλθόντα</span> <span class='ocrx_word' id='word_1_680' title='bbox 1612 2427 1644 2452; x_wconf 90' lang='grc' dir='ltr'>με</span> <span class='ocrx_word' id='word_1_681' title='bbox 1661 2413 1811 2452; x_wconf 81' lang='grc' dir='ltr'>ταπεινώσῃ</span> <span class='ocrx_word' id='word_1_682' title='bbox 1826 2415 1840 2442; x_wconf 87' lang='grc' dir='ltr'>ὁ</span> 
     </span>
     <span class='ocr_line' id='line_1_94' title="bbox 1071 2463 1840 2507; baseline -0.009 -10"><span class='ocrx_word' id='word_1_683' title='bbox 1071 2469 1137 2501; x_wconf 85' lang='grc' dir='ltr'>Θεός</span> <span class='ocrx_word' id='word_1_684' title='bbox 1151 2480 1198 2507; x_wconf 90' lang='grc' dir='ltr'>μου</span> <span class='ocrx_word' id='word_1_685' title='bbox 1213 2467 1276 2506; x_wconf 82' lang='grc' dir='ltr'>πρὸς</span> <span class='ocrx_word' id='word_1_686' title='bbox 1290 2470 1367 2505; x_wconf 75' lang='grc' dir='ltr'>ὑμᾶς,</span> <span class='ocrx_word' id='word_1_687' title='bbox 1380 2466 1424 2494; x_wconf 83' lang='grc' dir='ltr'>καὶ</span> <span class='ocrx_word' id='word_1_688' title='bbox 1436 2464 1557 2499; x_wconf 74' lang='grc' dir='ltr'>πενθήσω</span> <span class='ocrx_word' id='word_1_689' title='bbox 1569 2463 1679 2496; x_wconf 70' lang='grc' dir='ltr'>πολλοὺς</span> <span class='ocrx_word' id='word_1_690' title='bbox 1691 2465 1743 2491; x_wconf 77' lang='grc' dir='ltr'>τῶν</span> <span class='ocrx_word' id='word_1_691' title='bbox 1757 2474 1840 2499; x_wconf 87' lang='grc' dir='ltr'>προη-</span> 
     </span>
     <span class='ocr_line' id='line_1_95' title="bbox 1073 2512 1840 2557; baseline -0.009 -10"><span class='ocrx_word' id='word_1_692' title='bbox 1073 2519 1259 2557; x_wconf 78' lang='grc' dir='ltr'>μαρτηκότων,</span> <span class='ocrx_word' id='word_1_693' title='bbox 1272 2517 1317 2546; x_wconf 76' lang='grc' dir='ltr'>καὶ</span> <span class='ocrx_word' id='word_1_694' title='bbox 1333 2516 1368 2555; x_wconf 87' lang='grc' dir='ltr'>μὴ</span> <span class='ocrx_word' id='word_1_695' title='bbox 1383 2515 1597 2554; x_wconf 82' lang='grc' dir='ltr'>μετανοησάντων</span> <span class='ocrx_word' id='word_1_696' title='bbox 1612 2513 1655 2543; x_wconf 75' lang='grc' dir='ltr'>ἐπὶ</span> <span class='ocrx_word' id='word_1_697' title='bbox 1669 2516 1701 2552; x_wconf 80' lang='grc' dir='ltr'>τῇ</span> <span class='ocrx_word' id='word_1_698' title='bbox 1716 2512 1840 2552; x_wconf 65' lang='grc' dir='ltr'>ἀσελγείᾳ</span> 
     </span>
     <span class='ocr_line' id='line_1_96' title="bbox 1071 2562 1838 2607; baseline -0.013 -8"><span class='ocrx_word' id='word_1_699' title='bbox 1071 2569 1117 2599; x_wconf 77' lang='grc' dir='ltr'>καὶ</span> <span class='ocrx_word' id='word_1_700' title='bbox 1129 2568 1276 2607; x_wconf 80' lang='grc' dir='ltr'>ἀκαθαρσίᾳ</span> <span class='ocrx_word' id='word_1_701' title='bbox 1283 2591 1291 2603; x_wconf 89' lang='lat'><em>,</em></span> <span class='ocrx_word' id='word_1_702' title='bbox 1305 2562 1322 2606; x_wconf 69' lang='grc' dir='ltr'>ᾗ</span> <span class='ocrx_word' id='word_1_703' title='bbox 1337 2565 1460 2605; x_wconf 82' lang='grc' dir='ltr'>ἔπραξαν.</span> <span class='ocrx_word' id='word_1_704' title='bbox 1475 2566 1562 2594; x_wconf 78' lang='grc' dir='ltr'>Τοῦτο</span> <span class='ocrx_word' id='word_1_705' title='bbox 1575 2563 1658 2592; x_wconf 85' lang='grc' dir='ltr'>τοίνυν</span> <span class='ocrx_word' id='word_1_706' title='bbox 1669 2562 1714 2592; x_wconf 78' lang='grc' dir='ltr'>καὶ</span> <span class='ocrx_word' id='word_1_707' title='bbox 1728 2562 1838 2590; x_wconf 78' lang='grc' dir='ltr'>ἐνταῦθα</span> 
     </span>
    </p>
   </div>
  </div>
 </body>
</html>
