1891 2866
115 1943 192 1963 Ιιῖιίνί.
204 1940 216 1962 3
230 1941 252 1963 6.

116 2212 171 2231 (len.
182 2207 220 2237 47.
231 2215 254 2237 9.

269 193 335 227 '510
629 206 644 224 s

685 205 823 230 JOANMS
850 204 1029 228 CHRYSOST.

265 264 373 294 alterius
401 264 570 304 substantiae‚
591 267 661 296 nihil
681 267 821 307 profuisset
845 266 1000 301 consolatio,

265 320 350 349 neque
363 311 496 341 audivisse
510 312 634 342 eumdem
649 325 704 343 esse
716 314 856 353 Spiritum.
873 314 941 341 Nam
955 313 1002 351 qui

265 369 280 386 a
298 368 359 396 rege
371 359 483 398 accepit,
500 359 568 389 hanc
580 361 726 389 maximam
745 360 869 389 habuerit
880 359 1001 388 consola-

265 404 375 441 tionem,
392 404 464 443 quod
478 405 534 445 ipsc
547 407 569 434 ci
588 406 705 444 dederit;
722 407 767 445 qui
785 413 873 434 aulem
896 416 910 434 a
926 415 1002 433 servo

265 450 371 489 accipit,
387 458 449 479 tunc
463 452 548 490 magis
562 452 646 488 dolet,
669 452 775 491 quando
798 451 931 490 quispiam
951 451 1001 478 hoc

265 496 288 524 ei
303 496 439 525 obtulerit.
461 497 550 535 Itaque
574 497 636 526 bine
653 498 732 526 etiam
756 497 845 536 palam
859 504 896 525 est
911 496 1001 535 Spiri-
1017 502 1036 525 C

265 547 323 570 tum
337 549 456 570 sanctum
468 553 519 571 non
534 543 705 580 servilis‚scd
721 543 800 580 regim
815 553 869 570 csse
879 542 1001 570 substan-

265 587 317 616 tiae.
332 587 434 617 Idcirco
449 589 516 618 sicut
529 590 678 619 consolatus
695 596 733 617 cst
748 589 808 617 illos
821 588 922 625 dicens,
944 588 1002 615 Di-

267 635 389 663 visiones
401 638 646 665 ministrationum
660 642 737 669 sunl,
749 636 823 663 idem
835 641 932 662 aulem
944 635 1003 662 Do·

263 682 377 713 minus;
392 689 428 719 et,
443 683 608 711 Divisiones
629 683 838 720 operationum,
863 681 937 708 idem
948 690 1003 708 au-

264 732 320 754 lem
333 727 412 755 Deus
427 739 434 754 .·
447 727 486 755 sic
510 738 570 756 cum
592 727 714 766 superius
738 726 817 761 dixit,
835 727 1002 754 Divisiones

262 773 423 809 gratiarum
443 779 519 810 sunt,
541 774 615 801 idem
634 779 729 801 autem
744 772 888 811 Spiritu5;
910 778 935 800 et
950 771 1002 800 sub

263 816 320 844 lifec
342 818 421 846 etiam
440 818 522 855 dicit,
546 820 618 847 Hfflc
640 825 737 847 autem
753 820 851 846 omnia
868 825 1003 857 operatur

263 873 335 890 unus
359 870 446 903 atque
471 865 546 893 idem
569 865 704 904 Spiritus,
729 865 861 894 dividens
879 865 1002 904 singulis

260 915 347 945 prout
369 910 442 937 vult.
463 911 502 939 Ne
527 911 617 949 itaque
637 921 781 950 angamur,
798 911 902 949 inquit,
917 922 1003 950 neque

262 953 400 983 doleamus
415 955 531 985 dicentes
541 980 549 993 ‚
566 957 621 985 Cur
634 957 684 986 hoc
699 957 803 996 accepi,
819 958 870 986 hoc
884 968 935 986 nou
955 969 1001 987 ac-

262 1000 340 1039 cepi?
358 1011 442 1039 neque
463 1003 576 1031 rationes
592 1003 754 1042 exigamusa
769 1003 873 1042 Spiritu
897 1011 997 1032 sancto.
1016 1007 1035 1028 D

263 1048 331 1075 Nam
347 1047 369 1075 si
384 1048 464 1085 nosti,
476 1048 504 1077 id
514 1049 602 1088 ipsum
615 1049 743 1088 largitum
754 1060 808 1078 esse
822 1049 897 1088 quod
911 1050 950 1078 tui
958 1061 1002 1078 cu-

262 1103 320 1121 ratu
337 1101 426 1132 gerat3
445 1095 562 1133 cogitans
575 1095 653 1123 illum
665 1094 785 1123 eamdem
801 1106 892 1125 curam
906 1106 1001 1134 geren-

262 1145 316 1166 tem
333 1149 483 1168 mensuram
498 1139 620 1177 dedisse,
649 1141 808 1180 amplectere
823 1148 848 1169 et
869 1141 956 1180 gaude
967 1142 1002 1171 ob

263 1194 291 1211 ea
307 1195 365 1222 quae
381 1185 518 1224 accepisti3
533 1193 558 1215 et
574 1197 606 1215 ne
620 1195 689 1224 aegre
710 1187 778 1215 feras
794 1186 865 1225 quod
879 1187 931 1215 alia
950 1198 1002 1216 non

261 1232 407 1271 acceperis;
424 1232 478 1261 imo
499 1234 597 1272 gratias
618 1233 732 1271 reddito,
748 1233 820 1272 quod
831 1245 884 1263 non
900 1235 1001 1274 majora

262 1288 342 1315 quam
356 1278 422 1306 ferre
436 1289 526 1318 posses
540 1279 683 1319 acceperis.

302 1324 331 1352 5.
355 1324 384 1353 Si
399 1331 486 1353 autem
505 1325 532 1354 in
554 1325 740 1364 spiritualibus
762 1336 814 1355 non
837 1333 938 1365 oportet
952 1337 1001 1355 cu-

262 1368 331 1397 riose
346 1369 491 1408 inquirere,
515 1371 600 1399 multo
616 1371 700 1409 magis
715 1372 742 1400 in
765 1372 930 1410 carnalibu53
955 1373 1002 1402 sed

262 1416 395 1455 quiescere
406 1424 431 1445 et
442 1428 494 1446 non
505 1419 608 1447 curiose
623 1419 736 1448 scrutari
745 1430 792 1448 cur
803 1420 847 1448 ille
856 1419 941 1457 dives,
956 1421 1002 1449 ille

263 1474 372 1502 pauper.
391 1464 459 1493 Sane
487 1464 595 1502 quidem
618 1476 670 1494 non
694 1466 793 1505 singuli
817 1477 832 1494 a
846 1467 902 1495 Deo
926 1466 1001 1496 divi-

264 1507 313 1535 tias
338 1507 449 1544 habeut,
466 1508 511 1536 sed
533 1509 611 1537 multi
629 1520 663 1538 ex
685 1510 831 1549 injustitia,
854 1521 888 1539 ex
910 1511 1002 1550 rapina

264 1559 289 1581 et
303 1563 336 1581 ex
357 1554 479 1582 avaritia.
497 1555 551 1590 Qui
567 1555 636 1583 enim
656 1556 734 1595 jussit
752 1567 804 1585 non
814 1556 912 1593 ditari,
933 1569 1002 1596 quo-

264 1599 344 1627 modo
362 1599 478 1628 dedisset
493 1611 532 1635 ea,
546 1612 604 1639 quae
621 1602 738 1641 accipere
751 1603 894 1642 prohibet?
910 1605 947 1633 Ut
957 1615 1004 1632 au-

264 1653 317 1674 tem
340 1646 459 1675 validius
484 1648 615 1676 confutem
629 1659 682 1684 eos,
696 1649 740 1686 qui
757 1649 807 1677 bac
821 1650 846 1678 in
858 1661 884 1678 re
901 1657 1004 1679 contra-

265 1691 358 1719 dicunt
372 1692 466 1729 nobis;
493 1703 542 1731 age
555 1704 702 1722 sermonem
719 1695 799 1723 altius
813 1694 952 1730 ducamus,
970 1697 1005 1725 ab

265 1747 295 1765 co
310 1744 427 1776 tempore
438 1749 491 1776 quo
510 1739 582 1767 Deus
594 1739 704 1768 divitias
719 1740 846 1779 elargitus
861 1749 908 1779 est,
927 1749 953 1771 et
964 1754 1005 1772 re-

265 1785 365 1823 sponde
377 1786 443 1813 mihi
460 1786 567 1821 :Quare
591 1786 667 1815 dives
687 1795 742 1816 erat
765 1789 910 1825 Abraham,
922 1791 1005 1820 Jacob

265 1837 354 1858 autem
377 1831 457 1859 etiam
471 1842 539 1870 pane
554 1832 667 1870 egebat?
685 1844 772 1862 annon
789 1834 945 1864 similiteret
961 1836 1005 1865 hic

265 1883 290 1904 et
300 1876 441 1915 illejustus
454 1878 528 1905 crat?
540 1888 626 1906 annon
641 1878 804 1908 similiterde
821 1880 904 1909 tribus
914 1881 985 1910 dixit
997 1894 1003 1909 ε

265 1921 328 1960 Ego
353 1923 432 1950 Deus
456 1922 612 1951 Abraham
628 1930 655 1951 et
674 1926 760 1952 Isaac
783 1932 810 1953 et
826 1926 919 1954 Jacob
930 1930 942 1954 .=³
958 1938 1005 1955 cur

264 1977 326 2006 ergo
348 1967 394 1995 ille
413 1967 489 1996 dives
500 1976 565 2005 crat,
588 1969 633 1997 hic
646 1970 766 1998 mercede
785 1971 1003 2002 conducebatur?

1012 1994 1049 2012 266

1061 206 1200 229 ancum?
1207 221 1214 228 .
1243 206 1305 229 CON
1311 205 1495 229 STAN’HNOP
1503 222 1509 228 .

1057 280 1099 296 σεν
1113 270 1129 302 ἡ
1143 267 1310 306 παραμυθία,
1327 268 1382 297 οὐδὲ
1396 268 1426 297 τὸ
1439 270 1548 298 ἀκοῦσαι
1569 269 1599 297 τὸ
1624 270 1686 299 αὐτὸ
1701 271 1820 309 Πνεῦμα.

1056 313 1090 341 ‘O
1108 313 1154 350 μὲν
1169 313 1220 351 γὰρ
1233 314 1304 351 παρὰ
1324 316 1368 342 τοῦ
1393 314 1521 352 βασιλέως
1537 314 1625 343 λαῧὼν
1648 315 1772 354 μεγίστην
1789 317 1820 345 ἂν

1056 359 1151 394 ταύτην
1167 358 1244 397 σχοίη
1260 359 1438 398 παραμυῡίαν,
1449 359 1489 388 ὅτι
1504 361 1579 393 αὐτὸς
1594 362 1664 400 αὐτῷ
1685 362 1793 391 ἔδωκεν·
1808 364 1821 390 ὁ

1057 407 1082 435 δὲ
1103 406 1175 445 παρὰ
1190 409 1233 434 τοῦ
1248 406 1352 438 δούλου.
1364 406 1423 435 τότε
1442 409 1539 445 μᾶλλον
1556 409 1648 446 ἀλγεῖ,
1669 408 1729 437 ὅταν
1745 408 1822 438 τοῦτό

1055 464 1094 484 τις
1106 453 1177 486 αὐτῷ
1196 453 1367 492 προσενέγκῃ.
1381 452 1463 481 Ὥστε
1483 455 1620 482 κάντεῦθεν
1633 455 1720 490 δῆλον,
1735 454 1776 484 ὅτι
1791 455 1821 484 οὗ

1055 499 1102 532 τῆς
1118 499 1252 532 δουλικῆς,
1268 498 1336 527 ἀλλὰ
1351 501 1398 533 τῆς
1413 500 1550 537 βασιλικῆς
1564 500 1651 533 οὐσίας
1666 500 1695 529 τὸ
1709 502 1821 539 Πνεῦμα

1054 543 1084 571 τὸ
1104 543 1186 581 ἅγιον.
1202 544 1300 582 Διόπερ
1315 545 1434 584 καθάπερ
1448 545 1654 585 παρεμυθήσατο
1669 546 1759 579 αὐτοὺς
1781 548 1820 576 εἷ-

1053 588 1121 625 πὼν,
1136 589 1176 618 ὅτι
1190 590 1334 629 Διαιρέσεις
1349 588 1484 619 διακονιῶν
1504 592 1578 626 εἰσιν,
1590 594 1602 620 6
1615 591 1642 620 δὲ
1666 593 1742 625 αὐτὸς
1762 592 1820 621 Κύ-

1056 645 1123 674 ριος·
1144 635 1189 664 καὶ
1203 636 1342 675 διαιρέσεις
1356 636 1552 676 ἐνεργημάτων,
1566 639 1579 665 6
1594 638 1621 666 δὲ
1646 638 1723 671 αὐτὸς
1737 638 1820 672 Θεός·

1055 680 1120 709 οὕτω
1132 681 1176 709 καὶ
1188 681 1308 720 ἀνωτέρω
1321 681 1410 717 εἰπὼν,
1422 681 1567 721 Διαιρέσεις
1578 684 1752 723 χαρισμάτων
1761 686 1820 722 εἶσὶ,

1054 726 1084 755 τὸ
1099 725 1125 754 δὲ
1141 726 1203 755 αὐτὸ
1225 728 1351 765 Πνεῦμα·
1374 727 1418 756 καὶ
1443 727 1509 764 μετὰ
1522 732 1604 758 ταῦτα
1627 730 1706 758 πάλιν
1730 730 1822 766 εἰπὼν,

1055 771 1148 799 Πάντα
1174 770 1200 800 δὲ
1224 774 1308 800 ταῦτα
1326 774 1423 812 ἐνεργεῖ
1443 772 1469 801 ἓν
1495 773 1540 802 καὶ
1561 773 1592 802 τὸ
1613 775 1675 804 αὐτὸ
1697 776 1822 814 Πνεῦμα,

1055 817 1168 855 διαιροῦν
1193 817 1245 856 ἰδίᾳ
1273 818 1375 858 ἑκάστῳ
1399 817 1484 851 καθὼς
1514 819 1643 857 βούλεται.
1668 820 1714 856 Μὴ
1737 822 1822 850 τοίνυν

1054 862 1183 901 ἀλιίωμεν,
1204 863 1287 902 φησὶ,
1307 865 1373 902 μηδὲ
1394 865 1515 902 ἀλγῶμεν
1536 865 1668 904 λέγοντες,
1691 866 1734 896 διὰ
1747 867 1774 896 τί
1791 867 1821 896 τὸ

1053 909 1147 938 {meme
1168 909 1212 938 καὶ
1226 909 1256 938 τὸ
1276 911 1322 938 οὐκ
1336 910 1445 945 &lagon
1467 910 1533 948 μηδὲ
1548 911 1654 944 εὐθύνας
1668 914 1822 951 ἀπαιτῶμεν

1053 955 1082 984 τὸ
1095 956 1204 994 Πνεῦμα
1217 956 1246 984 τὸ
1258 956 1339 994 ἅγιον.
1352 958 1385 985 Ei
1397 956 1447 996 γὰρ
1458 951 1543 993 οῖδας,
1553 957 1593 986 ὅτι
1605 958 1657 987 ἀπὸ
1665 959 1822 996 κηδεμονίας

1053 1001 1210 1040 ἐχαρίσατο,
1227 1002 1348 1037 ἐννοήσας
1370 1002 1409 1031 ὅτι
1426 1003 1476 1032 ἀπὸ
1495 1005 1542 1038 τῆς
1564 1004 1644 1039 αὐτ-ἧς
1667 1005 1822 1042 κηδεμονίας

1053 1047 1097 1075 καὶ
1111 1048 1140 1075 τὸ
1153 1047 1245 1086 με’-ρον
1261 1047 1354 1084 ἔδωκε,
1372 1047 1464 1087 στέργε
1482 1049 1526 1077 καὶ
1539 1054 1615 1089 χαῖρε
1630 1050 1695 1090 ὑπὲρ
1709 1044 1745 1079 ὧν
1760 1051 1820 1080 ἔλα-

1054 1094 1108 1126 ὅες·
1125 1094 1169 1123 καὶ
1185 1094 1221 1132 μὴ
1235 1095 1387 1135 δυσχέραινε
1409 1095 1474 1133 ὑπὲρ
1489 1091 1524 1123 ὧν
1539 1097 1584 1125 οὐκ
1606 1096 1730 1136 εἴληφας,
1752 1097 1821 1127 ἀλλὰ

1054 1139 1097 1168 καὶ
1109 1140 1230 1178 ὁμολόγει
1244 1141 1332 1180 χάριν,
1352 1140 1391 1169 ὅτι
1410 1140 1446 1179 μὴ
1463 1141 1567 1179 μείζονα
1579 1142 1671 1175 ἔλαθες
1684 1145 1731 1178 τῆς
1743 1143 1820 1172 δυναί-

1056 1197 1124 1224 μεως
1139 1188 1186 1221 τῆς
1199 1188 1254 1221 σῆς.

1096 1325 1129 1353 ΙΞῖ
1142 1323 1169 1353 δὲ
1185 1326 1210 1353 ἐν
1224 1328 1277 1356 τοῖς
1291 1329 1476 1362 πνευματικοῖς
1488 1325 1516 1354 οὐ
1528 1324 1580 1365 χρὴ
1592 1325 1821 1365 περιεργάζεσθαι,

1054 1372 1144 1410 πολλῷ
1161 1371 1259 1408 μᾶλλον
1285 1372 1310 1399 ἐν
1336 1375 1388 1403 τοῖς
1411 1375 1544 1411 σαρκικοῖς
1554 1394 1561 1407 ,
1588 1372 1646 1400 ἀλλ’
1670 1371 1822 1411 ἡσυχάζειν,

1056 1416 1119 1445 ι’καί
1135 1417 1171 1455 μὴ
1187 1418 1424 1456 πολυπραγμονεῖν,
1440 1417 1482 1446 διὰ
1497 1417 1522 1445 τί
1538 1420 1551 1446 ὁ
1567 1419 1638 1446 δεῖνα
1651 1417 1773 1451 πλούσιος
1785 1440 1792 1453 ,
1808 1420 1822 1447 ὁ

1058 1464 1128 1491 δεῖνα
1144 1463 1170 1491 δὲ
1185 1463 1273 1498 πένης.
1292 1464 1418 1492 Μάλιστα
1438 1463 1484 1501 μὲν
1505 1464 1555 1502 γὰρ
1577 1465 1626 1502 οὐχ
1645 1463 1755 1497 ἕκαστος
1770 1464 1822 1493 ἀπὸ

1057 1510 1125 1538 Θεοῦ
1141 1510 1262 1543 πλουτεῖ,
1278 1509 1345 1537 ἀλλὰ
1357 1509 1449 1537 πολλοὶ
1467 1509 1512 1538 καὶ
1524 1509 1549 1542 ἐξ
1563 1509 1665 1542 ἀδικίας
1678 1509 1723 1538 καὶ
1735 1510 1823 1548 ἅρπα-

1057 1556 1105 1592 γῆς
1129 1555 1174 1583 καὶ
1196 1553 1350 1587 πλεονεξίας.
1366 1554 1400 1583 Ὁ
1422 1554 1473 1593 γὰρ
1499 1554 1622 1588 κελεύσας
1639 1555 1675 1593 μὴ
1691 1556 1822 1591 πλουτεῖν,

1057 1603 1114 1632 πῶς
1129 1600 1158 1628 ἂν
1172 1600 1267 1629 ἔδωκεν
1287 1600 1352 1640 ὅπερ
1367 1600 1483 1629 ἐκώλυσε
1496 1600 1532 1638 μὴ
1547 1600 1647 1637 λαὸεῑν,
1659 1600 1719 1630 Ἵνα
1742 1601 1769 1631 δὲ
1792 1604 1822 1630 ἐκ

1057 1646 1174 1679 πλείονος
1188 1646 1349 1684 ἐπιστομίσω
1362 1649 1408 1681 τῆς
1417 1646 1567 1686 περιουσίας
1578 1646 1636 1680 τοὺς
1646 1647 1713 1687 ὑπὲρ
1724 1647 1821 1676 τούτων

1059 1692 1240 1731 ἀντιλέγοντας
1255 1695 1328 1731 ἡμῖν,
1347 1692 1407 1731 φέρε
1420 1692 1542 1731 ἀνωτέρω
1559 1692 1603 1722 τὸν
1623 1692 1698 1732 λόγον
1715 1693 1822 1732 ἀγάγω-

1059 1751 1115 1776 μεν,
1137 1738 1215 1774 ἡνίκα
1238 1739 1311 1778 παρὰ
1330 1741 1375 1767 τοῦ
1398 1740 1467 1767 Θεοῦ
1483 1740 1496 1766 6
1510 1740 1619 1772 πλοῦτος
1642 1739 1756 1775 ἐδίδοτο,
1777 1739 1823 1768 καὶ

1058 1784 1197 1824 ἀπόκριναί
1212 1796 1270 1822 μοι·
1285 1783 1352 1816 τίνος
1363 1783 1448 1812 ἕνεκεν
1462 1785 1475 1812 ὁ
1490 1784 1610 1824 Ἀδραὰμ
1620 1784 1754 1821 ἐπλούτει,
1767 1787 1782 1813 ὁ
1796 1786 1824 1814 δὲ

1059 1831 1156 1858 ’Iam-'26
1169 1830 1212 1858 καὶ
1227 1830 1305 1868 ἄρτου
1321 1831 1417 1864 ἐδεῖτο;
1438 1830 1495 1868 οὐχὶ
1510 1830 1608 1863 δίκαιος
1626 1829 1671 1858 καὶ
1694 1826 1767 1863 οὗτος
1781 1827 1824 1866 ἦν,

1058 1876 1102 1904 καὶ
1115 1878 1223 1910 ἐκεῖνος;
1237 1876 1294 1914 οὐχὶ
1306 1875 1401 1912 ὁμοίως
1411 1875 1471 1914 περὶ
1485 1878 1536 1903 τῶν
1549 1877 1627 1914 τριῶν
1645 1887 1733 1914 φησιν,
1750 1876 1823 1916 Ἐγὼ

1059 1924 1072 1950 6
1083 1921 1150 1953 Θεὸς
1161 1921 1280 1960 Ἀίραὰμ
1295 1920 1358 1949 (καὶ
1375 1921 1467 1949 Ἰσαὰκ
1483 1921 1527 1949 καὶ
1542 1920 1656 1957 Ἰακώὸ,
1669 1921 1711 1950 διὰ
1726 1922 1752 1950 τί
1765 1923 1823 1951 τοί-

1059 1979 1103 1996 νυν
1118 1970 1131 1996 ὁ
1146 1967 1191 2004 μὲν
1210 1966 1343 2001 ἐπλούτει,
1359 1969 1371 1995 6
1387 1967 1413 1995 δὲ
1427 1967 1548 2003 εὈήτευε;
1564 1968 1662 2005 μᾶλλον
1678 1967 1705 1996 δὲ
1720 1969 1762 1998 διὰ
1773 1969 1799 1998 τί
1810 1972 1824 1998 6

264 2013 318 2041 imo
329 2014 428 2053 potius,
440 2015 495 2042 Cur
510 2015 581 2043 Esau
598 2015 705 2054 iniquus
718 2027 780 2045 cum
793 2024 859 2045 esset
872 2025 896 2046 et
914 2019 1004 2048 fratri-
1020 2023 1039 2043 Α
1060 2013 1106 2051 μὲν
1128 2014 1213 2042 Ἠσαῦ
1242 2012 1362 2041 ἐπλούτει
1384 2013 1471 2045 ἄδικος
1494 2013 1529 2041 ὧν
1549 2013 1594 2042 καὶ
1622 2014 1822 2053 ἀδελφοκτόνος,

265 2059 334 2097 cida,
351 2059 427 2088 dives
440 2067 505 2096 erat,
531 2061 574 2089 hic
591 2062 693 2090 veroin
707 2062 834 2091 servitute
848 2070 921 2093 tanto
936 2072 1002 2094 tem-

263 2116 328 2145 pore
342 2105 413 2134 fuit?
428 2116 474 2134 cur
487 2117 579 2134 rursus
595 2107 668 2136 Isaac
680 2108 823 2146 tranquille
844 2116 917 2138 tanto
936 2117 1005 2139 tem-

265 2161 328 2189 pore
338 2151 417 2186 vixit‚
437 2151 519 2180 Jacob
534 2159 622 2180 autem
638 2153 664 2181 in
679 2153 816 2182 laboribus
832 2162 856 2183 et
873 2156 1005 2185 miseriis?

266 2197 379 2235 ideoque
392 2197 516 2233 dicebat,
538 2199 635 2226 Pauci
655 2205 680 2226 et
702 2201 775 2227 mali
789 2202 849 2230 dies
865 2204 929 2230 mei.
950 2203 1005 2232 Cur

265 2243 356 2272 David
369 2243 415 2281 qui
431 2243 560 2282 propheta
573 2251 598 2272 et
615 2255 662 2273 rex
683 2245 744 2281 fuit,
761 2253 846 2276 totum
860 2248 922 2277 vitae
934 2256 1004 2277 tem-

262 2299 313 2328 pus
326 2289 352 2318 in
376 2289 513 2318 laboribus
527 2290 666 2328 transegit3
682 2291 806 2321 Salomon
819 2301 908 2322 autem
929 2295 1003 2324 filius

263 2336 319 2374 ejus
333 2345 380 2374 per
403 2335 579 2374 quadraginta
600 2347 682 2365 annos
696 2338 813 2367 securius
824 2350 905 2377 quam
920 2341 1000 2378 quili-

262 2381 307 2409 bet
322 2381 461 2409 hominum
479 2381 559 2419 vixit,
580 2382 712 2421 profunda
726 2384 816 2412 fruens
827 2396 901 2424 pace,
926 2398 1003 2416 omne

262 2438 344 2466 genus
355 2428 456 2467 gloriae,
478 2428 587 2457 honoris
602 2435 630 2457 et
643 2429 788 2469 voluptatis
807 2431 942 2471 adeptus?
956 2445 1003 2462 cur

293 2531 305 2547 ἢ
323 2531 383 2563 Reg.
397 2534 433 2557 καὶ
447 2536 479 2563 μὴ
494 2535 693 2566 πολυπραγμονεῖν,
707 2533 774 2558 Editi
793 2534 860 2566 [cum
872 2535 912 2570 R]
925 2541 960 2563 uf(
979 2542 1012 2570 μὴ

260 2579 340 2594 «ὶυῖἷϊε

1061 2056 1132 2091 οὗτος
1147 2059 1173 2087 δὲ
1186 2060 1210 2087 ἐν
1224 2058 1325 2098 δουλείᾳ
1341 2055 1371 2094 ἦν
1387 2059 1479 2098 χρόνον
1494 2063 1628 2095 τοσοῦτον;
1642 2059 1684 2088 διὰ
1705 2060 1732 2088 τί
1743 2060 1822 2090 πάλιν

1058 2109 1071 2134 6
1087 2105 1132 2143 μὲν
1151 2104 1242 2134 Ἰσαὰκ
1266 2104 1332 2142 μετὰ
1348 2105 1435 2137 ἀδείας
1455 2105 1532 2140 ἔζησε
1543 2105 1587 2134 τὸν
1602 2105 1707 2135 ἅπαντα
1721 2106 1823 2146 χρόνον,

1055 2154 1067 2180 ὁ
1089 2151 1116 2180 δὲ
1133 2150 1230 2180 'laxe-‚6
1251 2152 1276 2179 ἐν
1304 2151 1410 2189 μόχθοις
1433 2151 1477 2179 καὶ
1499 2151 1699 2190 ταλαιπωρίαις·
1720 2152 1759 2180 διὸ
1779 2151 1824 2180 καὶ

1055 2198 1144 2236 ἔλεγε,
1159 2197 1261 2236 Μικραὶ
1287 2197 1331 2225 καὶ
1346 2197 1458 2235 πονηραὶ
1473 2199 1500 2225 αἱ
1514 2197 1612 2236 ἡμέραι
1625 2209 1684 2235 μου.
1705 2197 1756 2226 Διὰ
1768 2197 1794 2226 τί
1809 2199 1823 2226 ὃ

1057 2243 1102 2281 μὲν
1118 2243 1201 2272 Δαυὶδ
1212 2243 1347 2283 προφήτης
1365 2243 1400 2272 ὣν
1417 2243 1461 2272 καὶ
1479 2243 1614 2282 βασιλεὺς,
1630 2244 1675 2272 καὶ
1689 2245 1764 2277 αὐτὸς
1777 2243 1822 2273 τὸν
1837 2272 1844 2273 ι

1056 2290 1160 2318 ἅπαντα
1173 2289 1266 2329 χρόνον
1289 2290 1315 2317 ἐν
1330 2289 1417 2322 πόνοις
1428 2289 1527 2325 ἔζησεν,
1542 2292 1554 2318 ὁ
1566 2289 1592 2319 δὲ
1609 2291 1734 2328 Σολομῶν
1748 2293 1762 2318 ὁ
1771 2289 1825 2323 υἱὸς

1055 2335 1145 2364 τούτου
1159 2334 1354 2373 τεσσαράκοντα
1366 2335 1411 2370 ἔτη
1429 2335 1535 2364 πάντων
1549 2335 1692 2374 ἀνθρώπων
1704 2335 1823 2364 ἀδεέστε-

1058 2397 1099 2425 ρον
1112 2386 1208 2423 διῆγεν,
1222 2385 1325 2424 εἷρήνης
1339 2385 1479 2413 ἀπολαύων
1492 2385 1609 2424 βαθείας,
1624 2385 1714 2420 δόξης,
1728 2388 1823 2424 τιμῆς,

1056 2436 1100 2464 καὶ
1114 2437 1212 2475 τρυφῆς
1227 2435 1298 2464 ἅπαν
1313 2439 1323 2451 ³
1334 2434 1414 2464 ἐπιὼν
1426 2430 1509 2470 εῖδοςς
1524 2434 1550 2463 τί
1566 2435 1661 2470 δήποτε
1673 2435 1718 2464 καὶ
1730 2436 1756 2464 ἐν
1771 2440 1824 2469 τοῖς

1096 2546 1105 2556 ²
1124 2538 1171 2569 [A.
1186 2538 1213 2562 B.
1226 2541 1262 2563 >cui
1275 2541 1286 2563 ὁ
1300 2541 1346 2566 θεὸς
1361 2536 1428 2562 iouia<
1441 2540 1478 2562 καὶ
1493 2539 1504 2562 ὸ
1523 2540 1569 2565 θεὸς
1582 2537 1676 2569 iambe-J

1096 2585 1105 2595 ³
1123 2578 1217 2609 [μετιών
1232 2577 1311 2601 minus
1322 2575 1418 2600 bcneA.
1432 2577 1457 2600 B⁴
1469 2576 1546 2600 Porro
1555 2577 1583 2600 Δ.
1595 2580 1616 2602 τί
1625 2578 1708 2606 δήποτε
1715 2576 1752 2602 03„
1763 2573 1821 2608 καί]
