1891 2866
77 1875 96 1888 1.
112 1868 164 1890 Cor.
180 1867 214 1889 13.

247 170 291 205 2ss
305 173 314 215 j
591 184 618 204 5.
648 182 786 205 JOANNIS
812 182 991 205 cunvsosr.

243 253 315 283 gare,
330 249 428 272 tantam
440 243 518 272 rebus
529 243 655 283 imposuit
670 245 860 282 necessitatem,
877 250 905 272 ut
916 254 978 272 cum

243 290 359 330 proximi
374 290 600 319 ntilitatealterins
613 290 713 319 utilitas
726 290 865 328 colligetur
881 301 887 317 z
900 297 925 319 et
942 290 977 317 it'a
996 299 1015 321 Ι)

242 336 361 365 consistit
383 335 499 364 mundus
511 343 589 365 totus.
613 336 676 365 Ideo
694 337 720 365 in
742 337 802 365 navi
824 347 938 375 qnoque,
956 335 978 363 si

240 382 379 420 ingruente
400 389 554 422 tempestate
575 382 745 421 gubernator,
762 383 856 421 rejecta
881 381 977 410 multo-

240 438 301 456 rum
324 428 448 462 utilitate,
465 439 540 457 suam
555 427 610 467 ipse
629 435 730 456 tantum
752 434 866 465 (purim,
890 434 915 455 et
934 437 975 455 se-

239 475 328 514 ipsum
345 482 369 504 et
386 474 452 504 alios
473 474 525 504 cito
542 475 701 513 submerget.
716 474 750 502 Et
765 474 791 502 in
810 473 923 512 singulis
936 484 976 501 ar-

239 521 312 549 tibus
325 544 332 557 ,
347 521 368 549 si
382 531 546 560 unaquaeque
560 520 631 559 quod
652 520 703 548 sibi
723 519 853 547 conducat
874 525 975 547 tantum

238 568 386 606 quaesierst,
402 568 457 597 vita
481 577 627 604 numquam
651 565 806 602 constiterit,
828 575 912 603 neque
932 576 975 593 ars

237 624 296 651 quae
318 614 368 642 hoc
383 613 485 652 qmrrit.
501 611 685 650 ldeuagricola
702 622 753 639 non
775 610 854 639 modo
870 617 973 639 tantum

237 659 364 688 frumenti
390 660 453 688 serit
476 665 604 697 quantum
626 657 676 686 sibi
697 657 759 685 satis
783 659 836 693 sit;
855 657 973 695 alioquin

236 705 306 733 enim
325 706 380 744 jam
396 705 443 733 diu
464 711 530 733 etse
550 710 574 731 et
588 703 654 731 alios
673 702 850 742 perdidisse13
869 703 916 732 scd
944 703 974 731 id

235 751 329 788 quaerit
343 751 414 789 quod
439 750 554 778 conferat
579 749 670 777 multis
685 761 690 776 :
706 755 730 777 et
749 749 826 777 miles
840 760 890 777 non
903 756 932 777 ut
947 759 973 777 se

234 803 340 825 tueatur
352 804 455 825 tantum
471 796 597 825 adversus
612 795 730 834 pericula
745 802 796 823 stat
807 795 833 823 in
847 795 911 830 acie,
926 795 971 824 sed
991 798 1007 820 E

232 849 261 870 ut
286 843 407 871 civitates
425 843 452 871 iri
476 849 533 871 tuto
559 842 692 870 collocet:
716 848 741 870 et
765 848 894 870 mercator
918 852 969 870 non

230 895 334 917 tantum
349 889 506 925 transvehit,
519 895 647 927 quantum
662 888 713 916 sibi
725 888 772 916 soli
787 888 850 916 satis
864 888 908 923 sit,
924 889 970 917 sed

230 941 360 972 quantum
371 941 396 962 et
408 934 500 963 multis
509 934 578 964 aliis.
591 934 618 963 Si
631 934 691 972 quis
705 945 767 962 vero
780 933 894 969 dixerit,
908 934 968 962 Non

231 991 319 1009 meum
330 1004 338 1019 ,
360 980 406 1009 sed
421 991 499 1009 suum
511 981 623 1019 quisque
638 991 733 1009 curans
746 981 795 1009 hoc
810 980 887 1017 faeit;
907 991 968 1008 uam

229 1033 254 1054 et
274 1027 399 1066 pecunias
413 1026 501 1055 sibiet
517 1026 630 1065 gloriam
651 1032 676 1054 et
697 1026 864 1054 securitatem
879 1037 967 1066 appa—

229 1082 299 1107 rans,
323 1072 379 1101 haec
402 1072 490 1100 omnia
510 1078 655 1111 operatur:
679 1082 760 1110 quare
781 1082 864 1100 meam
895 1083 967 1110 qua:-

227 1129 287 1147 rens
305 1119 457 1156 utilitatem,
478 1129 552 1147 suam
564 1117 677 1156 quaerit:
693 1118 743 1146 hoe
759 1124 783 1146 et
797 1128 846 1157 ego
858 1118 929 1155 dieo,
943 1125 967 1147 et

225 1165 282 1204 jam
298 1165 362 1193 olim
374 1164 468 1193 audire
478 1164 611 1198 volebam,
625 1171 648 1192 et
664 1164 721 1203 ejus
737 1164 774 1192 rei
788 1174 866 1192 eausa
883 1171 964 1193 totam
975 1187 1010 1205 225

226 1210 372 1239 orationem
384 1210 497 1246 institui,
510 1217 539 1238 ut
553 1209 717 1238 ostenderem
734 1217 796 1238 tunc
810 1209 965 1249 proximum
985 1215 1001 1236 A

225 1267 301 1286 suum
327 1257 469 1285 utilitatem
498 1267 634 1294 quaerere,
661 1267 722 1284 cum
749 1263 823 1284 tuam
850 1263 964 1295 spectata

225 1304 295 1339 Quia
310 1304 379 1333 enim
399 1315 453 1332 non
474 1303 552 1331 aliter
571 1303 693 1331 homines
713 1302 811 1331 vellent
830 1313 888 1341 quae
903 1310 963 1331 sunt

225 1350 342 1390 proximi
377 1360 494 1388 quaerere
503 1372 511 1385 ‚
533 1348 584 1377 nisi
619 1349 647 1377 in
677 1349 744 1376 lianc
774 1347 964 1376 inducerentur

224 1397 403 1425 necessitatem
423 1408 429 1431 ;
449 1396 508 1424 ideo
533 1397 604 1424 Deus
629 1395 685 1423 hzee
710 1395 745 1423 ita
771 1395 918 1434 colligavit,
938 1402 964 1424 et

222 1453 274 1471 non
296 1442 359 1471 sinit
373 1442 448 1481 prius
473 1441 507 1470 ad
536 1441 677 1470 utilitatem
702 1441 838 1480 propriam
864 1441 962 1478 venire,

222 1500 303 1527 quam
323 1500 370 1528 per
390 1499 420 1517 ea
433 1499 492 1527 qua:
512 1488 573 1516 aliis
595 1488 743 1516 conducant
758 1487 808 1515 iter
824 1487 962 1517 habeatur

221 1535 277 1563 Hoc
289 1541 358 1563 certe
371 1534 518 1562 humanum
527 1540 575 1570 est,
592 1533 628 1562 ita
642 1533 675 1561 ad
690 1533 806 1573 proximi
820 1533 960 1561 utilitatem

221 1591 248 1609 se
271 1581 397 1609 conferre.
413 1581 523 1619 Oportet
535 1586 624 1608 autem
646 1590 697 1607 non
726 1579 798 1615 inde,
816 1579 861 1607 sed
884 1590 898 1607 a
913 1579 962 1608 Dei

220 1626 318 1666 placito
330 1626 493 1666 persuaderi.
507 1626 598 1664 Neque
621 1625 691 1654 enim
708 1625 798 1654 salvus
810 1636 865 1654 esse
878 1625 963 1667 possit

221 1674 267 1712 qui
282 1674 333 1703 hoc
353 1684 405 1702 non
418 1673 517 1709 habet;
534 1672 579 1701 sed
599 1673 703 1701 etiamsi
723 1683 857 1701 summam
874 1673 963 1712 philo-

221 1720 344 1760 sophiam
366 1730 496 1756 exerceas,
509 1726 534 1748 et
549 1726 641 1748 caetcra
654 1719 791 1759 pereuntia
808 1730 860 1748 non
875 1730 960 1756 cures,
982 1724 998 1746 B
1012 1741 1018 1746 ,

222 1767 323 1795 nullam
342 1766 453 1795 habebis
467 1765 540 1805 apud
558 1766 645 1794 Deum
666 1765 803 1793 fiduciam.
820 1765 961 1794 Undenam

223 1813 274 1841 hoc
286 1813 405 1841 constat?
414 1812 457 1840 Ex
471 1812 504 1840 iis
516 1822 575 1850 quae
588 1811 680 1840 beatus
697 1811 795 1839 Paulus
806 1811 961 1850 pronuntia-

227 1859 285 1888 vit:
303 1859 334 1888 Si
346 1860 424 1887 enim
445 1868 542 1886 omnes
561 1868 639 1887 meas
651 1858 813 1896 simultates
825 1858 963 1886 distrihu-

227 1915 259 1934 νο
276 1907 307 1933 ἱη
331 1906 409 1933 cibos
420 1915 590 1943 pauperum,
607 1905 671 1932 etsi
691 1904 838 1932 tradidero
861 1913 962 1942 corpus

227 1961 320 1979 meum
330 1957 362 1978 ut
373 1950 484 1985 ardeat,
494 1952 646 1978 caritatem
655 1956 751 1978 autem
765 1960 823 1977 non
830 1950 962 1986 habeam,

227 1997 302 2025 nihil
314 1997 385 2024 mihi
394 1996 519 2034 prodest,
529 1995 624 2034 inquit.
640 1995 737 2025 Viden'
749 2002 876 2033 quantum
891 1996 961 2023 Pau-

227 2043 268 2071 lus
282 2041 373 2081 exigat
386 2053 400 2070 a
412 2041 507 2070 nobis?
520 2052 681 2080 quamquam
695 2041 717 2070 is
727 2043 774 2080 qui
789 2041 861 2070 cibos
870 2041 962 2071 distri-

227 2088 299 2123 buit,
315 2098 367 2116 non
391 2097 456 2123 sua,
472 2086 518 2115 sed
540 2098 598 2125 quse
622 2087 739 2126 proximi
763 2093 835 2124 sunt,
851 2094 961 2125 quaerat.

227 2134 279 2164 Sed
301 2134 352 2163 hoc
376 2133 461 2162 solum
481 2143 532 2161 non
554 2133 868 2171 sufficit71nquit2nam
893 2133 962 2162 illud

227 2179 372 2209 admodum
394 2178 494 2207 sincere
515 2178 571 2206 vult
596 2178 726 2217 praestari,
740 2185 765 2207 et
784 2189 845 2207 cum
867 2189 962 2217 magna

227 2225 463 2256 commiseratione.
483 2223 547 2253 Ideo
569 2224 638 2252 enim
662 2224 711 2253 hoc
727 2226 798 2253 Deus
823 2226 958 2264 praecepit,
980 2224 997 2246 C

227 2280 255 2301 ut
269 2272 303 2301 ad
316 2271 456 2301 vinculum
472 2269 590 2298 caritatis
604 2269 754 2298 adduceret.
766 2271 833 2298 Cum
844 2281 906 2309 ergo
917 2271 962 2300 ille

227 2326 326 2347 tantam
348 2317 438 2357 exigat
459 2326 620 2353 mensuram,
634 2326 681 2344 nos
706 2327 768 2345 vero
790 2327 873 2355 neque
889 2317 961 2355 quod

226 2366 313 2394 minus
329 2371 366 2393 est
388 2363 572 2403 praebeamus3
588 2373 639 2400 qua
654 2361 730 2400 digni
750 2362 848 2390 erimus
862 2363 961 2392 venia?

226 2412 261 2440 Et
271 2410 416 2450 quomod0‚
432 2409 546 2448 inquies,
561 2408 668 2437 dicebat
682 2409 753 2436 Deus
767 2408 833 2437 Loto
848 2419 895 2448 per
910 2420 961 2438 an-

258 2510 266 2528 f
287 2508 327 2540 [A.
341 2511 378 2534 031
394 2512 421 2532 civ
433 2518 488 2533 ποτε
503 2510 553 2532 οὔτε
566 2509 577 2532 ὁ
590 2511 637 2539 βίος
656 2510 756 2535 συσταίη.
768 2507 892 2539 Frequens
905 2513 940 2532 est
953 2508 976 2531 in

224 2549 314 2580 Clu-ys.
328 2548 471 2579 conjunctio
484 2547 642 2578 negationum
656 2549 746 2571 ofin...-
757 2547 815 2572 οὐδέ.

1021 182 1162 205 Ancum?
1169 197 1175 204 .
1204 181 1330 203 CONSTA
1337 181 1456 204 NTINOP
1463 197 1470 203 0

1033 246 1109 279 θηκεν
1139 243 1266 281 ἀνάγκην,
1290 245 1324 275 ὡς
1349 244 1373 272 ἐν
1402 245 1439 282 τῷ
1452 247 1497 272 τοῦ
1512 243 1623 278 πλησίον
1638 244 1794 284 συμφέροντι

1031 289 1115 317 τὸτοῦ
1131 289 1219 328 ἑτέρου
1234 288 1364 317 δεδέσθαι·
1380 289 1424 318 καὶ
1437 291 1450 318 ὁ
1461 289 1557 328 κόσμος
1572 289 1639 322 ἅπας
1653 288 1719 317 οὕτω
1734 301 1794 318 συν-

1032 334 1134 369 έστηκε.
1150 334 1201 363 Διὰ
1214 334 1243 370 δὴ
1255 337 1329 363 τοῦτο
1341 334 1386 363 καὶ
1402 335 1427 363 ἐν
1441 334 1533 374 πλοίῳ,
1548 336 1570 363 εἰ
1581 337 1709 373 χειμῶνος
1722 346 1794 373 γενο-

1033 379 1110 417 μένου
1125 382 1138 409 6
1152 379 1312 421 κυῧερνήτης
1333 380 1405 419 ἀφεὶς
1418 381 1448 409 τὸ
1463 382 1514 409 τῶν
1535 381 1638 409 πολλῶν
1654 379 1794 420 συμφέρον,

1031 426 1061 454 τὸ
1076 428 1168 455 ἑαυτοῦ
1182 426 1271 462 ζητοίη
1286 426 1371 465 μόνον,
1391 427 1435 455 καὶ
1458 427 1547 455 ἑαυτὸν
1559 426 1603 455 καὶ
1617 426 1728 459 ἐκείνους
1742 437 1793 454 κα-

1031 472 1134 500 ταδύσει
1154 472 1262 512 ταχέως.
1284 472 1336 501 Καὶ
1356 472 1451 508 ἑκάστη
1472 472 1498 501 δὲ
1518 472 1597 512 τέχνη
1618 474 1640 500 εἱ
1655 472 1685 500 τὸ
1700 473 1794 506 ἑαυτῆς

1031 517 1159 557 συμφέρον
1175 518 1284 553 σκοποίη
1300 518 1386 556 μόνον,
1402 517 1466 547 ῐούκ
1478 519 1508 547 ἄν
1527 531 1591 548 ποτε
1604 521 1617 547 6
1631 518 1684 557 βίος
1699 518 1774 554 σταίη
1784 540 1791 553 ‚

1029 563 1085 592 00³&
1098 566 1114 598 ἡ
1130 564 1209 603 τέχνη
1222 568 1238 600 ἡ
1255 567 1331 592 τοῦτο
1351 566 1472 600 ζητοῦσα.
1498 565 1548 593 Διὰ
1562 567 1638 593 τοῦτο
1652 567 1665 593 6
1679 564 1792 604 γεωργὸς

1029 609 1057 636 οὐ
1072 612 1193 638 τοσοῦτον
1208 610 1308 649 σπείρει
1324 614 1402 645 σῖτον,
1418 610 1477 639 ὅσον
1493 610 1603 650 ἀρκέσαι
1618 612 1717 649 ἑαυτῷ·
1735 611 1791 639 ἐπεὶ

1028 654 1110 683 πάλαι
1123 655 1167 683 καὶ
1182 655 1272 684 ἑαυτὸν
1283 655 1327 684 καὶ
1341 655 1398 689 τοὺς
1409 656 1501 688 ἄλλους
1512 655 1644 685 ἀπώλεσεν
1660 656 1690 684 ἄν
1701 668 1707 674 ·
1723 656 1791 685 ἀλλὰ

1027 699 1057 728 τὸ
1079 702 1130 728 τῶν
1153 703 1255 730 πολλῶν
1281 703 1368 737 ζητεῖ·
1391 701 1435 730 καὶ
1451 705 1464 730 6
1479 701 1652 740 στρατιώτης,
1677 702 1727 741 οὐχ
1747 701 1790 730 ἵνα

1027 746 1117 775 ἑαυτὸν
1131 747 1247 786 διασώσῃ
1268 747 1465 786 παρατάττεται
1485 748 1549 787 πρὸς
1570 747 1717 785 κινδύνους,
1732 749 1789 776 ἀλλ’

1023 791 1065 820 ἵνα
1087 793 1130 821 καὶ
1152 793 1199 826 τὰς
1219 793 1307 827 πόλεις
1329 795 1354 822 ἐν
1378 793 1507 833 ἀσφαλείᾳ
1519 793 1690 832 καταστήσῃ·
1712 794 1758 823 καὶ
1774 798 1788 824 ὁ

1025 837 1137 878 ἔμπορος
1159 840 1187 867 οὔ
1207 843 1322 868 τοσαῦτα
1339 840 1455 878 κομίζει,
1473 839 1521 868 ὅσα
1535 841 1606 878 αὐτῷ
1620 839 1696 878 μόνον
1711 839 1788 880 ἀρκέ-

1025 895 1084 919 σαι,
1101 886 1159 913 ἇλλ’
1178 886 1226 914 ὅσα
1241 886 1285 914 καὶ
1301 885 1397 924 ἑτέροις
1413 887 1527 918 πολλοῖς.
1544 886 1576 914 Εἰ
1597 884 1623 913 δὲ
1645 885 1717 925 λέγοι
1731 897 1788 920 τις,

1023 929 1063 958 ὅτι
1085 931 1142 970 οὐχὶ
1164 932 1194 960 τὸ
1214 932 1286 969 ἐμὸν,
1304 932 1371 960 ἀλλὰ
1388 932 1417 961 τὸ
1441 934 1533 960 ἑαυτοῦ
1550 931 1657 965 ἕκαστος
1673 934 1787 969 σκοπῶν,

1022 979 1104 1004 ταῦτα
1120 982 1202 1005 ποιεῖ·
1218 977 1262 1005 καὶ
1283 977 1334 1016 γὰρ
1350 977 1476 1016 χρήματα
1490 979 1574 1016 ἑαυτῷ
1597 977 1643 1006 καὶ
1657 976 1730 1011 δόξαν
1742 978 1787 1006 καὶ

1022 1022 1165 1060 ἀσφάλειαν
1179 1022 1325 1061 κτώμενος,
1341 1024 1444 1051 ἅπαντα
1458 1023 1671 1062 πραγματεύεται
1684 1026 1767 1052 ταῦτα
1779 1036 1785 1042 ·

1020 1066 1087 1096 ὥστε
1097 1068 1126 1096 τὸ
1141 1069 1202 1106 ἐμὸν
1218 1071 1301 1104 ζητῶν
1314 1069 1454 1108 συμφέρον,
1465 1069 1495 1097 τὸ
1510 1071 1601 1098 ἑαυτοῦ
1614 1070 1697 1104 ζητεῖ·
1710 1073 1785 1098 τοῦτο

1020 1114 1065 1142 καὶ
1080 1114 1131 1152 ἐγώ
1151 1127 1237 1154 φημι,
1261 1115 1306 1144 καὶ
1327 1116 1409 1144 πάλαι
1431 1117 1540 1144 ἀκοῦσαι
1560 1114 1715 1153 ἓὸουλόμην,
1739 1116 1783 1144 καὶ

1020 1159 1086 1199 ὑπὲρ
1110 1161 1200 1190 τούτου
1231 1162 1316 1191 πάντα
1339 1162 1382 1191 τὸν
1410 1162 1486 1200 λόγον
1514 1162 1692 1200 ἐποιησάμην,
1715 1161 1783 1191 ὥστε

1020 1205 1100 1239 δεῖξαι
1113 1229 1119 1242 ,
1135 1207 1175 1236 ὅτι
1189 1207 1246 1236 τότε
1260 1208 1290 1236 τὸ
1304 1209 1394 1237 ἑαυτοῦ
1405 1207 1558 1247 συμφέρονὸ
1572 1206 1682 1242 πλησίον
1697 1209 1784 1244 ζητεῖ,

1019 1252 1080 1280 ὅταν
1095 1252 1125 1281 τὸ
1133 1253 1177 1282 σὸν
1193 1253 1324 1292 σκοπήσῃ.
1339 1253 1449 1289 Ἐπειδὴ
1469 1253 1520 1294 γὰρ
1540 1253 1634 1292 ἑτέρως
1647 1255 1694 1281 οὐκ
1709 1253 1783 1288 ἠνεί-

1018 1309 1096 1336 χοντο
1112 1299 1242 1337 ἅνθρωποι
1269 1298 1303 1328 τὰ
1323 1303 1367 1328 τοῦ
1390 1299 1500 1334 πλησίον
1528 1301 1622 1335 ζητεῖν,
1647 1299 1670 1327 εἰ
1691 1298 1727 1337 μὴ
1748 1301 1784 1332 εἷς

1018 1343 1116 1379 ταύτην
1140 1350 1296 1374 κατασταῖεν
1321 1345 1367 1381 τὴν
1388 1345 1514 1384 ἀνάγκην,
1536 1345 1579 1374 διὰ
1602 1349 1677 1374 τοῦτο
1705 1345 1784 1378 οὕτως

1020 1389 1085 1418 αὐτὰ
1100 1390 1245 1424 συνέζευξεν
1262 1393 1275 1419 6
1288 1390 1355 1423 Θεὸς
1364 1414 1371 1426 ,
1385 1391 1429 1419 καὶ
1441 1393 1486 1419 οὐκ
1501 1390 1593 1430 ἀφίησι
1603 1391 1726 1430 πρότερον
1740 1392 1784 1420 ἐπὶ

1017 1435 1047 1463 τὸ
1065 1437 1157 1465 οἰκεῖον
1173 1437 1303 1476 συμφέρον
1324 1438 1416 1472 ἐλθεῖν,
1438 1436 1474 1475 μὴ
1502 1436 1545 1465 διὰ
1566 1439 1618 1465 τῶν
1640 1436 1783 1475 ἀλλοτρίων

1018 1481 1200 1520 συμφερόντων
1215 1483 1380 1514 ὃδεύσαντας.
1395 1484 1480 1511 Τοῦτο
1497 1482 1542 1520 μὲν
1553 1477 1595 1511 οἶν
1610 1482 1781 1522 ἀνθρώπινον,

1017 1527 1046 1556 τὸ
1068 1528 1147 1561 οὕτως
1161 1528 1205 1557 ἐπὶ
1224 1528 1254 1556 τὸ
1275 1531 1320 1557 τοῦ
1340 1528 1450 1564 πλησίον
1462 1528 1592 1567 συμφέρον
1610 1528 1687 1557 ἰέναι·
1704 1529 1741 1557 δεῖ
1756 1529 1782 1557 δὲ

1018 1572 1054 1610 μὴ
1070 1574 1194 1609 ἐντεῦθεν,
1210 1575 1267 1602 ἀλλ’
1285 1574 1337 1602 ἀπὸ
1354 1577 1405 1603 τῶν
1426 1577 1463 1614 τῷ
1479 1576 1541 1613 Θεῷ
1562 1574 1705 1604 δοκούντων
1726 1575 1783 1603 πεί-

1018 1622 1115 1648 θεσθαι.
1131 1620 1198 1649 Οὐδὲ
1210 1619 1260 1660 γὰρ
1275 1619 1312 1648 ἔνι
1324 1623 1438 1654 σωθῆναι
1451 1620 1486 1658 μὴ
1501 1623 1577 1650 τοῦτο
1592 1620 1684 1660 ἔχοντα
1694 1632 1700 1638 ·
1715 1621 1782 1649 ἀλλὰ

1018 1665 1066 1693 κᾶν
1084 1665 1130 1701 τὴν
1155 1667 1238 1705 ἄκραν
1256 1666 1406 1706 φιλοσοφίαν
1426 1668 1541 1706 ῧάσκῇς,
1559 1669 1610 1695 τῶν
1633 1666 1660 1695 δὲ
1683 1667 1782 1695 λοιπῶν

1019 1712 1204 1749 ἀπολλυμένων
1225 1713 1338 1750 οἷμελῇς,
1361 1712 1485 1750 οὐδεμίαν
1511 1712 1595 1750 κτήσῃ
1622 1711 1694 1751 παρὰ
1719 1713 1781 1751 Θεῷ

1017 1757 1176 1797 παρρησίαν.
1192 1758 1274 1786 Πόθεν
1292 1759 1384 1794 δῆλον;
1401 1757 1455 1797 Ἀφ’
1469 1753 1504 1786 ὧν
1516 1760 1529 1786 6
1541 1758 1668 1797 μακάριος
1681 1758 1782 1797 ἀπεφή-

1017 1814 1080 1831 νατο
1095 1805 1207 1835 Παῦλος.
1221 1804 1284 1832 Ἐὰν
1302 1803 1352 1842 γὰρ
1369 1803 1483 1842 ψωμίσω
1498 1816 1546 1842 μου
1567 1803 1599 1832 τὰ
1613 1804 1781 1843 ὑπάρχοντα,

1018 1849 1062 1877 καὶ
1075 1850 1185 1889 παραδῶ
1204 1850 1233 1878 τὸ
1250 1849 1327 1887 σῶμά
1341 1862 1405 1887 μου,
1419 1850 1461 1878 ἵνα
1478 1852 1575 1889 καυθῇ,
1585 1850 1690 1888 ἀγάπην
1703 1849 1729 1878 δὲ
1743 1850 1780 1888 μὴ

1018 1896 1084 1934 ἔχω,
1096 1895 1168 1924 οὐδὲν
1182 1896 1332 1934 ὠφελοῦμαι
1341 1918 1347 1930 ,
1360 1895 1446 1935 φησίν,
1459 1895 1541 1935 Ὁρᾷς
1554 1896 1634 1924 πόσον
1649 1898 1662 1924 ὃ
1674 1897 1778 1929 Παῦλος

1018 1943 1133 1975 ἐπιζητεῖ
1144 1943 1206 1979 παρ’
1222 1943 1312 1978 ἦμῶν;
1323 1941 1407 1969 καίτοι
1419 1953 1447 1980 γε
1462 1943 1475 1969 6
1488 1941 1626 1980 ψωμίσας,
1638 1943 1666 1969 οὒ
1680 1942 1710 1971 τὸ
1722 1943 1779 1971 ἑαυ-

1017 1991 1076 2022 τοῦ,
1091 1987 1159 2016 ἀλλὰ
1177 1987 1206 2015 τὸ
1227 1990 1268 2016 τοῦ
1285 1987 1395 2021 πλησίον
1409 1988 1543 2023 ἐζήτησεν.
1555 1987 1627 2016 Ἀλλ’
1641 1990 1687 2017 οὐκ
1704 1990 1779 2028 ἀρκεῖ

1016 2037 1092 2062 τοῦτο
1106 2033 1193 2071 μόνον,
1208 2033 1285 2072 φησί·
1305 2032 1371 2071 μετὰ
1384 2033 1435 2072 γὰρ
1446 2033 1616 2072 γνησιότητος
1633 2034 1696 2063 αὐτὸ
1717 2034 1779 2073 βού-

1017 2082 1090 2109 λεται
1113 2079 1227 2118 γίνεσθαι
1251 2079 1295 2107 καὶ
1319 2079 1482 2117 συμπαθείας
1505 2080 1612 2114 πολλῆς.
1637 2079 1706 2109 Ι’Διὰ
1728 2080 1779 2119 γὰρ

1016 2129 1092 2154 τοῦτο
1113 2125 1157 2154 καὶ
1175 2125 1358 2163 ἐνομοθέτησεν
1374 2125 1436 2154 αὐτὸ
1450 2127 1463 2154 6
1474 2125 1542 2158 Θεὸς
1551 2148 1558 2162 ,
1572 2125 1615 2154 ἵνα
1637 2126 1674 2158 εἷς
1687 2125 1778 2155 σύνδε-

1018 2183 1083 2209 σμον
1098 2172 1202 2209 ἀγάπης
1215 2171 1312 2210 ἀγάγῃ.
1326 2171 1412 2199 “Οταν
1427 2166 1469 2200 οῧν
1485 2173 1580 2204 ἐκεῖνος
1595 2171 1641 2209 μὲν
1658 2173 1778 2200 τοσοῦτον

1016 2219 1115 2256 ἀπαιτῇ
1130 2217 1232 2256 μέτρον,
1247 2218 1324 2254 ἡμεῖς
1335 2216 1361 2246 δὲ
1373 2217 1439 2254 μηδὲ
1452 2216 1481 2245 τὸ
1493 2216 1598 2246 ἔλαττον
1610 2216 1777 2256 παρέχωμεν,

1016 2263 1082 2296 τίνος
1101 2263 1213 2301 ἐσόμεθα
1231 2263 1298 2295 ἄξιοι
1315 2262 1484 2302 συγγνώμης;
1500 2263 1551 2291 Καὶ
1563 2264 1633 2298 πῶς,
1647 2262 1726 2302 φησὶ,
1739 2265 1776 2300 τῷ

1017 2310 1079 2339 Λὼτ
1093 2310 1178 2347 ἔλεγεν
1195 2311 1208 2337 6
1225 2309 1291 2341 Θεὸς
1313 2308 1355 2337 διὰ
1374 2311 1425 2337 τῶν
1444 2308 1570 2347 ἀγγέλων,
1592 2308 1688 2341 Σώζων
1711 2310 1775 2342 σῶζε

1015 2361 1062 2395 τὴν
1084 2361 1175 2388 ἑαυτοῦ
1199 2358 1303 2398 ψυχήν,
1318 2359 1391 2394 εἰπὲ,
1412 2358 1489 2392 πότε,
1509 2358 1553 2387 καὶ
1573 2358 1615 2386 διὰ
1629 2357 1662 2387 τί.
1677 2357 1744 2387 “Ore
1758 2360 1774 2392 ἡ

1015 2410 1121 2442 κόλασις
1139 2409 1255 2448 ἐφέρετο,
1275 2411 1323 2448 οὐχ
1337 2408 1379 2438 ὅτε
1401 2410 1562 2447 διορθοῦσθαι
1577 2408 1644 2444 ἔδει,
1661 2409 1718 2437 ἀλλ’
1733 2408 1775 2437 ὅτε

1059 2515 1069 2525 ³
1088 2506 1132 2540 [A.
1143 2511 1210 2539 ἀσκῇς
1221 2509 1262 2538 μὲν
1274 2505 1359 2538 αὐτὸς]

1060 2547 1071 2564 ¹·
1091 2544 1139 2578 [Α.
1152 2548 1187 2571 διὰ
1201 2547 1236 2575 δή.
1247 2545 1277 2570 V.
1291 2553 1314 2576 p.
1329 2544 1385 2574 225„
1400 2549 1453 2567 not.
1468 2542 1503 2575 ιχ]
