1891 2866
506 140 538 162 IN
569 139 674 162 EPtsT.
705 140 728 161 1.

53 204 208 242 ἐγόγγυσαν,
224 202 269 232 καὶ
284 202 420 232 ἀπώλοντο
441 203 492 232 ὑπὸ
510 206 556 232 τοῦ
576 205 734 243 ὀλοθρευτοῦ.
751 201 819 231 Οὐδὲ

52 249 103 289 γὰρ
117 248 192 278 τοῦτό
202 250 257 278 ἐστι
268 248 299 277 τὸ
310 248 464 287 ζητούμενον
479 249 557 288 μόνον
566 272 574 286 ,
585 249 616 278 τὸ
625 249 738 288 πάσχειν
752 247 818 287 ὑπὲρ

52 297 97 324 τοῦ
112 296 236 334 Χριστοῦ,
248 294 315 322 ἀλλὰ
327 294 372 323 καὶ
383 295 412 324 τὸ
422 295 546 334 γενναίως
555 295 589 324 τὰ
601 294 706 324 ἐπιόντα
723 293 818 334 φέρειν,

52 341 96 370 καὶ
111 342 168 379 μεθ’
182 340 276 375 ἡδονῆς
293 339 405 375 ἁπάσης.
421 342 506 370 Τοῦτο
516 341 567 380 γάρ
581 341 651 370 ἐστιν
662 342 676 369 ὁ
695 340 820 379 στέφανος

52 387 139 420 ἅπας·
155 388 206 423 ὡς,
223 386 252 415 ἂν
272 385 309 425 μὴ
329 382 451 425 ‘roffio-(1³,
464 387 509 416 καὶ
529 387 636 420 κόλασις
657 386 748 426 ἕψεται
766 391 820 419 τοῖς

53 433 286 471 δυσανασχετοῦσι.
305 431 355 460 Διὰ
373 435 448 461 τοῦτο
462 432 507 461 καὶ
529 436 552 462 οἷ
567 433 708 462 ἀπόστολοι
722 443 818 469 μαστι-

51 479 155 518 ζόμενοι
166 479 270 518 ἔχαιρον
279 502 287 516 ,
299 478 346 508 καὶ
357 479 461 512 Παῦλος
472 480 499 508 ἐν
512 484 566 512 τοῖς
580 480 733 519 παθήμασιν
743 479 820 508 ἐκαυ-

50 531 126 566 χᾶτο.
143 525 237 555 Πάντα
252 525 280 555 δὲ
294 529 377 554 ταῦτα
391 528 506 560 τυπικῶς
528 526 676 555 συνέὸαινον
698 525 820 558 ἐκείνοις*

50 572 151 612 ἐγράφη
166 571 194 601 δὲ
207 572 273 611 πρὸς
287 571 419 601 νουθεσίαν
431 574 522 610 ἡμῶν,
541 574 577 606 εἷς
587 572 629 606 οὒς
643 572 676 602 τὰ
690 571 752 607 τέλη
767 573 819 600 τῶν

51 617 152 647 αἰώνων
167 618 325 655 κατήντησε.
341 619 426 648 Πάλιν
442 619 517 658 φοὸεῖ
532 621 569 659 τῷ
584 619 617 648 τὰ
636 619 699 655 τέλη
720 618 821 659 λέγειν,

48 664 94 693 καὶ
109 665 215 703 μείζονα
228 667 280 694 τῶν
294 665 473 704 γεγενημένων
489 666 636 706 προσδοκᾷν
650 665 820 706 παρασκευά-

49 712 95 744 ζει.
109 710 174 740 “Ort
186 711 233 750 μὲν
243 711 295 752 γὰρ
309 711 426 750 δώσομεν
438 711 523 749 δίκην,
538 712 590 741 ἀπὸ
598 714 650 741 τῶν
666 713 819 751 εἰρημένων,

48 756 113 796 φησὶ
125 779 133 792 ,
156 758 235 793 οηὶον
256 757 301 786 καὶ
323 761 377 790 τοῖς
398 759 538 787 ἀπιστοῦσι
556 763 610 791 τοῖς
632 759 693 798 περὶ
714 759 862 806 γεέννης206

48 802 152 842 λόγοις’
172 802 212 832 ὅτι
233 803 261 832 δὲ
284 803 328 832 καὶ
346 803 549 843 χαλεπωτέραν,
569 805 612 843 ἀφ’
634 801 670 832 ῶν
690 801 838 834 πλειόνων

49 849 260 888 ἀπελαύσαμενε
250 852 419 889 εὐεργεσιῶν,
434 862 479 879 και
497 852 540 890 ἀφ’
566 853 602 879 ὡν
624 853 711 880 ἐκεῖνα
731 851 818 881 τύποι.

49 896 84 925 Εἰ
100 896 151 936 γὰρ
172 898 197 925 ἐν
212 901 268 929 ταῖς
286 897 394 935 δωρεαῖς
409 881 540 936 ὑπεροχὴΙ,
555 896 695 932 εὔδηλον“’
679 909 719 925 οτι
732 897 776 926 καὶ
791 899 818 926 ἐν

48 944 82 980 τῇ
100 942 223 982 τιμωρία.
237 941 289 971 Διὰ
302 945 378 972 τοῦτο
392 942 437 970 καὶ
453 941 549 975 τύπους
574 942 697 978 ἐκάλεσε,
716 942 762 972 καὶ
783 944 816 972 δι’

47 992 119 1028 ἡμᾶς
140 988 285 1028 γεγράφθαι
301 988 367 1027 ἔφη,
389 988 434 1017 καὶ
454 988 543 1021 τέλους
557 988 763 1027 ἐμνημόνευσεν,
775 989 818 1018 ἵνα

48 1034 186 1074 ἀναμνήσῃ
198 1037 245 1070 τῆς
257 1034 464 1068 συντελείας.οὗ
475 1033 526 1074 γὰρ
536 1037 655 1063 τοιαῦται
669 1034 728 1064 τότε
740 1037 766 1064 αἱ
779 1048 817 1064 τι-

47 1079 198 1120 μωρίαι,ὧς
209 1079 254 1109 καὶ
265 1080 347 1119 πέρας
355 1079 500 1118 λαμὸάνειν
510 1079 554 1109 καὶ
565 1079 751 1117 καταλύεσθαι,
758 1082 816 1110 ἀλλ’

46 1126 150 1160 αἰώνιος
163 1129 180 1162 ἡ
199 1126 314 1160 κόλασις.
332 1126 439 1166 σΩσπερ
452 1126 503 1166 γὰρ
518 1128 544 1155 αἱ
564 1129 675 1156 ἐνταῦθα
694 1128 816 1162 κολάσεις

44 1175 83 1213 τῷ
92 1174 203 1214 παρόντι
215 1173 440 1213 συγκαταλύονται
457 1173 604 1213 βίῳ,οὔτως
617 1175 644 1202 αἱ
660 1175 716 1203 ἐκεῖ
729 1175 816 1210 διηνε-

45 1221 98 1253 κῶς
124 1219 347 1259 μένουσιν.”οταν
366 1219 393 1249 δὲ
416 1220 537 1259 εἷπῃ,Τὰ
554 1220 617 1256 τέλη
635 1223 687 1250 τῶν
703 1220 815 1259 αἰώνων,

45 1266 117 1295 οὐδὲν
134 1267 199 1296 ἄλλο
217 1266 297 1305 λέγει,
312 1266 329 1301 ἢ
346 1266 386 1295 ὅτι
401 1266 527 1305 ἐφέστηκε
541 1267 632 1296 λοιπὸν
647 1267 678 1296 τὸ
692 1268 818 1304 δικαστή-

46 1324 100 1351 ριον
118 1312 149 1342 τὸ
163 1313 281 1352 φοῧερόν.
290 1312 375 1342 “ssa-rs
391 1315 404 1342 ὁ
424 1313 506 1342 δοκῶν
517 1313 634 1349 ἑστάναι,
648 1313 766 1352 βλεπέτω
780 1312 817 1351 μὴ

44 1359 210 1398 πέσῃ.Πάλιν
226 1361 310 1388 αὐτῶν
322 1359 364 1388 τὸν
375 1363 454 1399 τῦφον
463 1361 567 1389 καθεῖλε
580 1362 632 1389 τῶν
648 1360 692 1388 ἐπὶ
705 1363 738 1398 τῇ
750 1359 816 1398 γνώ-

44 1417 84 1434 σει
95 1405 163 1444 μέγα
176 1406 346 1446 φρονούντων.
358 1407 391 1435 Εἰ
405 1406 455 1446 γὰρ
469 1409 493 1435 οἱ
505 1406 634 1436 τοσούτων
652 1406 816 1436 ἀπολαύσαν-

43 1463 85 1484 τες
99 1455 207 1480 τοιαῦτα
222 1451 327 1487 ἔπαθον,
339 1453 383 1481 καὶ
395 1454 419 1482 οἱ
432 1452 479 1490 μὲν
493 1452 559 1493 ὑπὲρ
571 1456 722 1491 γογγυσμοῦ
738 1452 815 1492 μόνον

43 1497 166 1532 τοιαύτην
187 1498 279 1527 ἔδοσαν
293 1498 367 1534 δίκην
376 1521 383 1534 ,
402 1500 425 1527 οἷ
439 1498 467 1527 δὲ
479 1498 544 1538 ὑπὲρ
558 1501 603 1528 τοῦ
617 1498 757 1538 πειράσαι,
771 1499 817 1528 καὶ

43 1543 103 1573 οὔτε
116 1544 146 1573 τὸ
167 1546 265 1579 πλῆῦος
285 1544 441 1579 ἐδυσώπησε
456 1545 499 1574 τὸν
512 1545 594 1580 Θεὸν,
614 1545 672 1574 οὔτε
688 1545 718 1574 τὸ
732 1545 818 1574 τοιού-

44 1602 96 1619 των
111 1591 244 1630 ἐπιτυχεῖν
258 1603 263 1608 ·
276 1592 366 1630 πολλῷ
382 1591 482 1628 μᾶλλον
501 1592 540 1630 ἐφ’
556 1593 631 1629 ἡμῶν
641 1614 648 1627 ,
669 1591 699 1619 ἂν
717 1591 753 1629 μὴ
767 1591 816 1626 νή-

44 1648 134 1677 φωμεν
143 1660 151 1673 ,
172 1640 247 1666 τοῦτο
270 1636 353 1665 ἔσται.
379 1637 432 1665 Καὶ
459 1638 546 1669 καλῶς
568 1632 655 1673 εἶπεν,
675 1636 709 1666 Ὁ
733 1638 815 1666 δοκῶν

43 1683 159 1712 ἑστάναι.
177 1684 263 1711 Τοῦτο
276 1682 327 1722 γὰρ
348 1682 405 1711 οὐδὲ
421 1682 528 1711 ἑστάναι
548 1683 632 1718 ἐστὶν,
650 1685 685 1716 ὡς
707 1683 816 1712 ἑστάναι

43 1729 110 1769 χρὴ,
124 1729 154 1759 τὸ
170 1731 273 1770 Οαῤῥεῖν
288 1731 374 1768 ἑαυτῷ
385 1741 392 1747 ·
408 1729 509 1770 ταχέως
524 1729 574 1769 γὰρ
595 1731 609 1758 ὃ
626 1732 740 1762 τοιοῦτος
761 1741 813 1758 πε·-

43 1780 128 1805 σεῖται
139 1788 146 1794 ·
160 1775 216 1806 ἐπεὶ
230 1775 275 1804 καὶ
293 1777 404 1812 ε’κεὶνοι,
421 1777 444 1804 εἷ
463 1775 500 1814 μὴ
516 1775 585 1815 μέγα
605 1775 752 1815 ἐφρόνησαν
769 1776 815 1805 καὶ

41 1822 190 1863 ἔθάῤῥησαν
202 1844 209 1857 ,
226 1822 284 1851 ἀλλ’
300 1817 367 1857 ἦσαν
387 1821 609 1860 κατεσταλμένοι,
624 1823 670 1851 οὐκ
686 1821 716 1851 ἂν
729 1825 814 1851 ταῦτα

42 1868 146 1898 ἔπαθον,
160 1867 242 1898 εὈΟεν
260 1869 353 1905 δῆλον,
368 1868 409 1898 ὅτι
422 1868 559 1902 ἀλαζονεία
575 1868 692 1906 μάλιστα
706 1868 752 1897 καὶ
767 1871 814 1909 ῥᾳ-

43 1914 122 1953 θυμία
133 1915 190 1950 ἑῖἦς
204 1915 248 1944 καὶ
261 1917 277 1950 ἡ
290 1914 486 1956 γαστριμαργία
501 1914 599 1944 τούτων
611 1915 676 1944 εἰσὶν
691 1916 718 1944 αἱ
728 1916 814 1955 πηγαὶ

43 1963 94 1990 τῶν
108 1963 206 1990 κακῶν.
222 1961 308 1991 Ὥστε
321 1962 344 1990 εἰ
363 1961 408 1990 καὶ
429 1961 542 1997 ἕστηκας
552 1984 559 1997 ,
573 1961 704 2001 φυλάττου
726 1962 757 1991 τὸ
776 1961 812 2000 μὴ

43 2012 140 2036 πεσεῖν.
153 2008 193 2037 Τὸ
206 2007 257 2047 γὰρ
271 2009 382 2037 ἐνταῦθα
395 2009 488 2043 στῆναι
503 2009 549 2037 οὐκ
563 2008 633 2037 ἔστιν
647 2008 754 2038 ἑστάναι
768 2010 814 2047 βε-

44 2052 140 2089 Εαίως,
154 2053 204 2086 ἕως
224 2054 254 2082 ἂν
275 2055 469 2093 ἀπαλλαγῶμεν
482 2056 534 2083 τῶν
555 2053 681 2093 κυμάτων
702 2056 748 2084 τοῦ
761 2066 814 2084 πα·

45 2098 132 2137 ρόντος
149 2099 221 2137 βίου,
235 2100 280 2128 καὶ
294 2099 359 2139 πρὸς
371 2099 414 2128 τὸν
433 2103 444 2116 ³¹
453 2100 573 2130 εὖδιεινὸν
588 2100 813 2139 καταπλεύσωμεν

43 2144 146 2183 λιμένα.
161 2145 207 2180 Μὴ
219 2145 305 2174 τοίνυν
318 2145 362 2174 ἐπὶ
379 2148 412 2185 τῇ
433 2145 523 2175 στάσει
538 2146 626 2186 φρόνει
639 2147 707 2187 μέγα
718 2170 725 2184 ,
745 2147 814 2176 ἀλλὰ

43 2191 172 2230 φυλάττου
181 2191 230 2227 τὴν
246 2192 356 2221 πτῶσιν.
372 2193 405 2221 Εἰ
416 2192 467 2232 γὰρ
481 2193 613 2226 Παῦλος
599 2193 711 2223 οέοοικεν
722 2196 736 2223 ὃ
746 2194 815 2223 πάν-

43 2249 94 2266 των
107 2237 284 2278 στερρότερος,
298 2239 388 2267 πολλῶ
403 2239 527 2276 μᾶλλον
513 2244 584 2277 ημᾶς
595 2240 738 2270 δεδοικέναι
749 2241 813 2280 χρή.

42 2283 77 2314 Ὁ
91 2283 138 2322 μὲν
149 2286 193 2313 οὖν
211 2284 387 2317 ἀπόστολος”’
365 2294 407 2313 εΛε
397 2297 462 2324 γεν,
480 2284 586 2314 ”Ωστε
576 2297 590 2314 o
600 2286 682 2315 δοκῶν
694 2287 813 2323 ἑστάναι,

44 2330 162 2368 βλεπέτω
176 2330 213 2370 μὴ
227 2331 316 2370 πέσῃ·
330 2334 407 2370 ἠμεὶ
387 2353 407 2364 ,ς
425 2331 452 2360 δε
471 2332 618 2361 οὐδὲτοῦτο
632 2333 764 2372 δυνάμεθα
777 2336 813 2363 εἷ-

44 2384 112 2418 πεῖν,
123 2381 239 2418 πάντων,
253 2384 288 2415 ὡς
300 2383 382 2411 εἰπεῖν
390 2406 397 2419 ,
409 2382 586 2412 πεπτωκότων
604 2383 649 2412 καὶ
661 2396 813 2424 κατεστρω-

46 2431 129 2469 μένων
144 2431 188 2461 καὶ
202 2433 288 2471 χαμαὶ
305 2432 440 2471 κειμένων.
455 2433 516 2462 Τι’νι
527 2433 578 2473 ’γὰρ
591 2434 656 2463 εἴπω
670 2438 761 2471 τοῦτο,
775 2437 813 2474 τῷ

82 2534 91 2544 ·
108 2527 116 2558 [
130 2529 196 2553 ελὸιον
209 2529 234 2551 Α.
249 2529 273 2552 Ιῐ4
286 2535 310 2552 ct
322 2528 396 2553 Savil.
413 2530 436 2553 iu
449 2529 539 2559 marg]

758 137 802 160 AD
828 137 903 159 COR.

1547 127 1607 166 241

873 211 972 230 eorum
987 207 1254 236 murmuraverunt,
1268 207 1294 229 el
1309 202 1455 239 perierunt
1470 201 1507 228 ab
1520 207 1616 229 emer-

876 250 1028 276 minatore.
1049 248 1110 277 Non
1131 248 1217 276 solum
1242 247 1314 275 euim
1341 247 1470 284 qumi-itur
1493 246 1549 285 pati
1567 256 1617 285 pro

875 293 981 322 Christo
993 316 1000 329 ,
1014 293 1061 322 sed
1075 294 1155 322 etiam
1174 304 1233 332 quae
1248 292 1373 321 accidunt
1386 292 1490 320 fortiter
1504 293 1572 321 sei-re
1590 299 1616 321 et

875 349 936 367 eum
945 340 1018 368 omni
1030 339 1239 379 x-oluptatc.}10c
1253 346 1291 368 est
1305 338 1375 367 enim
1383 338 1491 367 omnino
1501 349 1612 375 coroua;

875 392 904 414 ut
915 386 937 415 si
950 386 1000 415 hoc
1016 397 1068 415 nou
1078 386 1175 424 suerit,
1188 397 1266 426 poena
1277 385 1357 414 etiam
1368 392 1494 423 sequatur
1510 396 1554 413 eos
1569 386 1615 424 qui

874 442 943 471 aegre
955 433 1051 462 serunt.
1066 432 1130 462 Ideo
1143 432 1257 472 apostoli
1276 431 1367 470 flagris
1381 431 1441 459 caesi
1453 431 1615 470 gaudebant,

875 485 901 507 et
922 479 1021 508 Paulus
1039 477 1067 508 in
1081 478 1273 508 afflictionibus
1287 478 1462 517 gloriabatur.
1481 478 1526 505 11.
1544 479 1616 507 Hoec

876 532 974 554 aulem
1001 527 1101 555 omnia
1125 527 1157 554 in
1176 526 1274 565 figura
1296 525 1503 563 contingebant
1528 524 1589 552 illis
1601 536 1612 557 ,-

876 574 984 611 scripta
994 578 1061 601 sunt
1076 578 1175 601 autem
1189 572 1229 600 ad
1247 573 1456 610 correptionem
1472 576 1613 604 nostram,

875 619 917 646 ad
935 629 1007 658 quos
1018 619 1101 658 fines
1118 618 1290 647 saeculorum
1314 618 1500 646 devenerunt.
1513 616 1617 645 Rursus

876 671 955 693 terret
976 664 1058 693 finem
1078 675 1236 701 memorans,
1252 670 1278 692 et
1301 663 1337 692 ad
1358 663 1460 702 majora
1481 662 1617 702 prioribus

875 710 1053 750 exspectanda
1075 717 1218 750 praeparat
1232 711 1302 739 Nam
1317 708 1390 748 quod
1408 719 1499 748 poenas
1525 708 1617 737 datuii

875 756 969 792 simus,
986 768 1020 785 ex
1032 756 1121 794 dictis,
1135 757 1234 795 inquit,
1247 756 1359 796 planum
1380 762 1418 784 est
1432 755 1512 783 etiam
1522 754 1556 783 iis
1570 755 1617 793 qui

836 816 856 838 Α
839 787 906 831 ⁰⁶de
919 802 1039 841 gehenna
1056 802 1135 831 dictis
1150 802 1233 831 fidem
1246 812 1299 830 non
1312 801 1431 830 habent·
1424 824 1431 839 ,
1443 800 1516 852 quod
1528 807 1617 829 autem

873 849 1020 889 grai-inies,
1036 860 1071 878 ex
1084 860 1114 878 eo
1126 849 1197 888 quod
1212 848 1290 889 plura
1309 848 1463 887 consequuti
1477 847 1561 876 simus
1573 847 1617 876 be-

872 895 980 933 neficia‚
995 902 1071 924 etex
1095 906 1125 924 eo
1143 895 1216 934 quod
1237 895 1284 923 illa
1311 895 1370 934 typi
1390 901 1484 923 essent.
1502 895 1571 923 Nam
1593 894 1616 922 si

871 943 899 971 in
916 943 995 972 donis
1010 943 1199 982 exsuperantia
1214 943 1257 979 fit;
1272 943 1363 982 palam
1377 949 1421 981 est,
1433 942 1461 971 in
1481 942 1616 982 supplicio

871 1000 977 1029 quoque
986 991 1051 1019 sore.
1062 989 1178 1028 Ideoque
1190 989 1290 1029 figuras
1296 989 1460 1029 appellavit,
1474 996 1499 1018 et
1507 996 1616 1029 propter

869 1047 918 1065 nos
931 1036 1030 1076 scripta
1044 1046 1100 1065 esse
1109 1035 1186 1071 dicit,
1199 1042 1225 1064 et
1238 1035 1321 1064 finem
1331 1035 1357 1064 in
1368 1035 1525 1064 memoriam
1535 1046 1614 1064 revo-

870 1082 952 1120 cavit,
967 1090 997 1111 ut
1011 1081 1248 1111 consummationis
1262 1081 1423 1110 mentionem
1437 1082 1542 1110 faceret.
1554 1082 1613 1110 Non

933 137 1049 159 1103111„
1077 138 1173 160 xxm.

870 1129 941 1158 enim
965 1129 1028 1158 talia
1046 1135 1110 1157 tunc
1125 1135 1199 1157 erant
1216 1127 1358 1168 supplicia,
1371 1139 1430 1166 quae
1447 1127 1528 1156 finem
1542 1127 1613 1156 acci-
1646 1133 1715 1155 Poenae
1730 1134 1767 1155 sn-

1624 1169 1676 1186 turae
1702 1171 1768 1187 erunt

1623 1202 1716 1218 wleruae.

870 1175 979 1215 piebant
1001 1182 1027 1204 et
1052 1174 1215 1204 tollebantur
1230 1186 1239 1212 3
1256 1174 1303 1203 sed
1328 1185 1407 1214 poena
1430 1174 1481 1203 erit
1503 1181 1610 1203 aeterna.

871 1222 947 1252 Sicut
963 1222 1034 1251 enim
1048 1221 1131 1260 hujus
1143 1221 1206 1251 vitae
1222 1231 1308 1261 poenae
1322 1220 1405 1250 simul
1417 1232 1480 1250 cum
1496 1220 1552 1250 vita
1563 1221 1615 1250 sol-

871 1276 982 1306 vuntur,
999 1269 1038 1297 sic
1056 1268 1112 1297 illic
1129 1278 1214 1308 poenae
1233 1274 1337 1296 aeternae
1348 1274 1435 1296 erunt.
1447 1268 1515 1296 Cum
1527 1275 1617 1297 autem

870 1314 953 1352 dicit,
965 1316 1056 1343 Fines
1069 1313 1258 1349 aemulorum,
1272 1312 1342 1341 nihil
1357 1312 1433 1341 aliud
1443 1312 1520 1349 dicit,
1536 1323 1617 1351 quam

871 1361 944 1400 quod
957 1360 991 1390 (le
1005 1368 1100 1390 caetero
1114 1360 1194 1388 instet
1204 1359 1340 1399 judicium
1354 1359 1424 1388 illud
1439 1358 1616 1388 horrendum.

873 1409 1036 1447 121taque
1058 1408 1108 1447 qui
1125 1417 1155 1435 se
1176 1408 1326 1435 existimat
1346 1412 1442 1441 stare,
1461 1406 1564 1434 videat
1581 1416 1617 1434 ne

870 1456 968 1484 cadat.
993 1455 1097 1483 Rursus
1123 1453 1233 1482 illorum
1257 1453 1356 1481 fastum
1383 1452 1490 1492 dejecit,
1509 1453 1556 1491 qui
1582 1452 1617 1481 de

869 1501 979 1531 seientia
1005 1511 1054 1530 sua
1080 1500 1166 1528 altum
1189 1499 1338 1539 sapiebant.
1352 1499 1382 1529 Si
1409 1499 1480 1528 enim
1502 1499 1552 1537 illi,
1568 1499 1615 1538 qui

870 1555 943 1577 tanta
953 1554 1015 1577 sunt
1024 1547 1095 1576 bona
1107 1546 1276 1585 consequuti,
1289 1545 1353 1574 talia
1365 1545 1435 1584 passi
1447 1551 1518 1581 sunt,
1532 1551 1557 1573 et
1568 1545 1615 1573 alii

870 1593 981 1632 quidem
1002 1605 1052 1634 pro
1074 1592 1288 1622 murmuratione
1305 1592 1393 1620 solum
1416 1591 1483 1620 tales
1506 1591 1614 1620 luerunt

870 1650 962 1680 poenas
974 1652 982 1677 ;
1001 1639 1048 1668 alii
1071 1639 1145 1678 quod
1168 1645 1322 1676 tentassent,
1340 1644 1365 1666 et
1387 1648 1472 1676 neque
1497 1637 1614 1677 populus

870 1687 958 1716 Deum
978 1693 1017 1715 est
1031 1686 1163 1715 reveritus
1172 1708 1179 1722 ‚
1190 1695 1275 1724 neque
1287 1683 1359 1723 quod
1374 1690 1429 1712 tam
1450 1683 1535 1712 multa
1546 1694 1612 1712 con-

869 1740 997 1774 sequutus
1011 1739 1093 1769 esset;
1109 1732 1194 1761 multo
1206 1730 1292 1770 magis
1304 1730 1331 1759 in
1352 1730 1429 1758 nobis
1448 1729 1501 1758 nisi
1512 1729 1613 1769 vigile-

869 1791 929 1809 mus
949 1780 1001 1809 hoc
1015 1779 1076 1809 erit.
1091 1779 1126 1808 Et
1141 1779 1260 1819 apposite
1274 1777 1349 1807 dixit
1363 1790 1369 1805 :
1391 1779 1446 1817 Qui
1464 1789 1495 1807 se
1503 1780 1614 1812 „existi-

868 1833 930 1856 mat
939 1826 1089 1856 stare.Hoc
1100 1825 1171 1855 enim
1180 1836 1232 1854 non
1241 1832 1279 1854 est
1288 1831 1367 1859 stare,
1377 1831 1407 1853 ut
1417 1831 1487 1854 stare
1497 1832 1613 1865 oportet,

868 1874 920 1903 sibi
932 1873 985 1914 ipsi
998 1873 1134 1903 confidere
1142 1885 1149 1900 :
1157 1872 1204 1912 qui
1215 1872 1277 1900 talis
1287 1878 1325 1900 est
1335 1871 1417 1907 enim,
1428 1871 1508 1900 citius
1519 1871 1610 1900 cadet:

868 1931 930 1949 nam
944 1920 984 1949 illi
1000 1931 1114 1959 quoque,
1127 1919 1179 1948 nisi
1191 1919 1276 1947 altum
1287 1918 1435 1958 sapuissent
1449 1925 1474 1947 et
1484 1918 1612 1948 confidis-

868 1973 936 2004 sent,
961 1966 1008 1995 sed
1033 1966 1056 1995 si
1083 1977 1139 1995 sese
1169 1965 1360 2000 cohibuissent,
1379 1975 1431 1994 non
1460 1965 1519 1994 haee
1542 1966 1613 2005 passi

867 2021 963 2043 essent.
978 2013 1058 2043 Unde
1073 2013 1158 2052 liquet
1168 2011 1346 2050 arrogantiam
1361 2011 1488 2049 maxime,
1503 2011 1614 2041 deinde-

868 2072 921 2100 que
943 2061 1093 2090 socordiam
1107 2067 1131 2089 et
1155 2059 1255 2099 gulam,
1271 2058 1368 2087 horum
1382 2069 1438 2088 esse
1456 2059 1541 2088 sontes
1559 2070 1613 2088 ma-

867 2108 966 2137 lorum.
984 2108 1076 2146 Itaque
1096 2106 1118 2135 si
1140 2113 1207 2143 stas,
1222 2115 1286 2134 cave
1308 2115 1341 2134 ne
1367 2104 1458 2135 cadas.
1473 2106 1543 2134 Nam
1568 2105 1612 2134 hic

868 2162 952 2192 stare,
965 2165 1018 2183 non
1040 2160 1079 2183 est
1103 2153 1216 2181 firmiter
1236 2158 1322 2187 stare,
1340 2151 1424 2180 donee
1436 2151 1582 2180 liberemur
1597 2162 1612 2180 a

868 2202 1005 2242 praeseutis
1027 2200 1088 2229 vitae
1103 2199 1239 2235 fluetibus,
1253 2205 1279 2226 et
1298 2197 1331 2226 ad
1353 2197 1528 2236 tranquillum
1548 2208 1611 2238 por-

868 2256 926 2278 tum
951 2247 1130 2288 appellamus.
1151 2246 1191 2274 Ne
1215 2245 1305 2283 itaque
1325 2243 1410 2273 altum
1426 2244 1512 2284 sapias
1539 2243 1611 2283 quod

868 2302 930 2331 stes,
946 2295 994 2324 sed
1015 2304 1080 2323 cave
1094 2293 1210 2332 lapsum.
1224 2291 1252 2320 Si
1269 2301 1384 2329 namque
1396 2290 1497 2320 Paulus
1511 2289 1610 2326 timuit,

868 2341 988 2371 omnium
1000 2339 1170 2375 fortissumis,
1178 2338 1263 2367 multo
1275 2337 1360 2376 magis
1370 2347 1417 2365 nos
1430 2336 1522 2365 timere
1533 2347 1611 2376 opor-

869 2394 914 2417 tet.
931 2387 1074 2428 Apostolus
1101 2386 1189 2424 itaque
1209 2384 1315 2412 dicebat
1330 2395 1335 2410 :
1353 2384 1535 2422 Quapropter
1561 2385 1611 2423 qui

869 2436 924 2464 sibi
937 2434 1056 2463 videtur
1069 2439 1156 2467 stare,
1177 2431 1277 2460 videat
1293 2441 1329 2458 ne
1343 2430 1431 2459 cadat
1444 2442 1452 2457 :
1465 2440 1511 2459 nos
1521 2436 1609 2459 autem

836 1327 852 1350 Β

831 2342 850 2365 Ι)
