1865 2871
68 632 86 646 1⁴
102 625 154 646 cor.
169 623 203 646 15.

130 901 207 921 Fastus

68 932 206 952 sacerdotum

69 963 205 990 reprimitur.

71 1618 123 1638 lob.
140 1623 159 1638 ι.
173 1623 208 1639 21.

571 179 586 201 S
593 194 599 201 .
628 179 734 201 JOKNN
742 178 768 200 ts
795 178 857 200 ctttt
863 178 877 199 ἲ
885 177 975 199 SOST.

218 173 264 218 98

215 242 295 278 Quod
309 242 329 270 si
348 241 431 269 vitam
446 249 528 274 amas,
543 246 568 268 et
584 239 606 268 si
625 238 758 278 deponere
770 239 871 277 jussus,
888 247 952 266 con-

216 287 393 324 tradicis,jam
405 295 455 313 non
463 284 549 313 fidelis
559 283 767 323 dispensatores,
776 282 810 311 Et
819 282 952 320 quomodo

214 334 274 362 licet
289 334 344 360 Deo
359 337 469 359 vocante
483 329 622 358 resistcre?
636 330 703 357 Nam
716 338 764 366 ego
779 337 884 365 quoque
903 326 953 354 hoc

213 379 283 414 dico,
297 384 322 405 et
334 382 441 415 propter
450 375 500 403 hoc
513 374 600 413 ipsum
611 373 730 402 admiror
742 372 790 400 Dei
804 371 952 410 benignita-

213 432 266 453 tem
279 435 284 450 :
295 433 352 461 quae
365 422 435 451 enim
449 427 534 461 potest
550 420 604 454 ille,
616 420 696 448 etiam
710 426 733 447 te
745 418 828 447 invito
841 428 856 445 a
871 424 895 445 te
909 428 951 444 ac-

212 472 310 511 cipere,
324 481 353 499 ea
368 480 419 499 non
430 470 489 498 vult
506 476 530 497 te
544 468 628 497 invito
643 467 746 501 inferri,
761 473 790 493 ut
802 464 950 493 mercedem

213 517 320 545 habeas.
338 515 463 554 Exempli
482 524 574 549 causa,
586 519 671 552 potest
690 511 806 539 animam
827 517 852 537 te
870 509 954 537 invito

214 563 343 601 accipere,
360 561 407 590 sed
418 560 476 589 vult
491 567 516 588 te
526 560 640 593 volente,
651 564 680 585 ut
694 567 755 584 cum
765 555 848 583 Paulo
858 555 931 583 dicas
944 565 950 581 z

219 609 352 647 Quotidie
365 609 479 635 morior.
493 607 580 634 Potest
595 604 707 641 gloriam
723 610 795 630 tuam
802 601 921 640 accipere
930 607 955 628 te
972 604 991 627 E

216 654 310 685 inrito.
325 661 399 691 teque
415 651 544 680 humilem
558 649 668 678 reddere
683 660 690 683 ;
707 647 751 676 sed
768 646 826 676 vult
846 653 871 674 te
884 655 953 683 quo-

215 711 266 738 que
280 699 396 735 volente,
411 705 439 726 ut
452 695 689 725 remunerationem
709 693 815 721 habeas.
832 693 921 720 Potest
931 698 956 719 te

216 746 295 774 etiam
310 745 424 773 invitum
435 752 581 781 pauperem
595 739 714 775 reddere,
729 738 775 767 sed
787 745 810 766 te
825 737 957 766 volentem

216 791 289 829 cupit
302 790 382 818 talem
396 788 464 823 fieri,
479 793 507 814 ut
523 786 573 814 tibi
587 795 696 813 coronas
711 790 808 812 nectat.
825 782 956 812 Vidistiu‘

217 836 266 863 Dei
282 832 497 872 benignitatem?
516 831 636 860 vidistin’
656 829 807 859 socordiam
822 828 957 857 nostram?

220 880 259 909 „td
270 890 393 918 magnam
405 877 547 917 pervenisti
562 876 729 915 dignitatem,
742 882 766 903 et
776 874 957 914 principatum

217 932 374 963 assequutus
395 934 422 952 es
442 922 667 951 ecclesiasticum?
682 921 722 949 Ne
743 920 828 947 altum
850 919 955 957 sapias:

218 984 269 1002 non
281 980 310 1001 tu
327 971 439 1010 gloriam
453 969 602 1004 obtinuisti,
617 968 664 997 sed
678 968 723 996 illa
736 974 760 995 te
772 968 844 994 Deus
858 965 956 994 induit.

218 1020 268 1048 Illa
289 1018 372 1056 igitur
391 1024 421 1045 ut
434 1016 520 1044 aliena
536 1021 628 1042 utere:
641 1024 674 1042 ne
693 1013 768 1041 illam
784 1011 818 1040 ad
840 1022 880 1045 ea,
897 1021 956 1048 quae

219 1075 271 1093 non
283 1063 367 1096 decet,
381 1061 521 1095 adhibeas,
536 1070 568 1087 ne
582 1058 682 1087 infleris
692 1080 699 1094 ,
713 1068 744 1086 ne
758 1057 809 1085 tibi
824 1056 955 1090 vindices,

219 1107 265 1136 sed
281 1116 425 1146 pauperem
440 1112 465 1133 et
479 1103 625 1142 inglorium
640 1109 666 1130 te
678 1112 733 1130 esse
747 1107 848 1140 putato.
866 1100 958 1137 Neque

219 1153 300 1188 enim,
313 1152 334 1180 si
346 1161 465 1190 purpura
480 1149 552 1187 regia
563 1148 612 1175 tibi
625 1146 754 1175 servanda
769 1145 865 1174 tradita
879 1151 956 1181 esset,

219 1204 349 1237 oporteret
359 1196 433 1224 abuti
446 1202 516 1223 veste
528 1194 655 1230 illamque
666 1192 832 1227 labefactare,
840 1190 885 1219 sed
896 1200 957 1218 cum

220 1243 314 1280 majori
335 1239 502 1269 accuratione
527 1238 613 1277 ipsam
637 1236 712 1264 danti
735 1246 848 1264 servare.
874 1233 959 1263 Verbi

220 1288 373 1316 facultatem
386 1284 532 1324 accepisti?
544 1284 584 1312 Ne
598 1282 712 1318 infleris,
729 1291 814 1319 neque
828 1290 959 1318 arrogan-

220 1341 259 1362 ter
270 1343 349 1371 agas:
363 1341 447 1369 neque
460 1330 530 1359 enim
544 1336 622 1357 tuum
639 1335 678 1357 est
691 1338 788 1355 munus
810 1333 834 1354 et
845 1326 956 1354 donum.

220 1379 388 1417 Neingratus
402 1383 456 1405 esto
471 1376 540 1404 circa
555 1385 584 1402 ea
596 1384 655 1412 quae
669 1380 731 1401 sunt
744 1371 916 1407 Domini,sed
928 1381 958 1399 ea

221 1423 353 1452 conservis
372 1421 518 1456 distribue3
534 1430 618 1458 neque
632 1418 708 1454 ideo,
723 1428 753 1446 ac
767 1417 789 1445 si
804 1424 848 1445 tua
861 1422 956 1453 essent,

219 1469 365 1503 extollaris,
382 1478 466 1505 neque
481 1475 578 1505 parcus
594 1464 630 1492 sis
643 1464 670 1492 in
687 1463 741 1491 illis
755 1461 955 1490 distribuendis.

221 1514 285 1542 Etsi
301 1513 370 1541 filios
382 1512 474 1548 habes,
485 1511 534 1539 Dei
545 1510 615 1538 filios
625 1509 708 1537 habes
719 1520 725 1535 ε
736 1508 757 1536 si
770 1508 807 1535 ita
814 1507 959 1542 existimes,

220 1559 318 1597 gratias
330 1568 391 1595 ages
403 1557 425 1585 si
439 1556 548 1588 habeas,
559 1555 645 1592 iisque
658 1553 770 1581 sublatis
779 1563 832 1580 non
847 1550 959 1579 dolebis.

220 1604 295 1632 Talis
307 1610 361 1631 erat
372 1603 424 1632 Job
437 1601 543 1630 dicens:
559 1601 701 1629 Dominus
714 1599 804 1632 dedit,
814 1598 960 1625 Dominus

220 1650 353 1677 abstulit.
367 1647 464 1676 Omnia
478 1646 549 1674 enim
561 1657 576 1674 a
591 1645 697 1673 Christo
711 1643 855 1678 habemus3
867 1642 960 1670 etiam-

219 1706 270 1733 que
288 1693 361 1732 quod
376 1693 460 1721 simus
478 1691 512 1719 ab
529 1691 576 1719 illo
590 1690 728 1723 habemus,
739 1695 764 1716 et
779 1688 863 1717 vitam
879 1694 903 1714 et
919 1697 960 1714 re-

219 1740 389 1779 spirationem
399 1745 425 1766 et
435 1738 522 1765 lucem
531 1743 557 1764 et
569 1745 656 1763 aerem
669 1740 693 1762 et
703 1740 817 1769 terram;
827 1738 852 1760 et
863 1731 884 1759 si
894 1730 959 1769 quid

221 1798 254 1815 ex
266 1787 320 1814 illis
329 1784 479 1820 abstulerit,
493 1783 622 1822 periimus
634 1788 659 1809 et
674 1780 822 1809 interiimus
833 1791 838 1806 :
851 1779 959 1807 advenae

220 1834 291 1862 enim
310 1843 402 1861 sumus
420 1838 445 1859 et
468 1829 611 1870 peregrini.
627 1828 701 1856 Illud
725 1827 812 1864 enim,
827 1836 918 1854 meum
935 1831 960 1854 et

221 1887 313 1916 tuum,
327 1878 409 1906 rerba
422 1883 525 1905 tantum
537 1882 598 1903 sunt
615 1874 671 1902 sine
687 1874 800 1902 re.Nam
811 1872 834 1901 si
849 1871 960 1900 domum

221 1936 277 1954 csse
290 1932 362 1953 tuam
377 1923 467 1958 dicas,
485 1922 597 1949 verbum
613 1926 651 1948 cst
667 1930 695 1947 re
713 1928 839 1947 vacuum.
853 1916 960 1945 Etenim

221 1978 298 1999 etaer
313 1977 337 1998 et
346 1976 415 1998 terra
433 1975 458 1996 et
472 1967 582 1995 materia
596 1964 747 1994 conditoris
765 1970 835 2000 sunt,
850 1969 915 1990 utet
932 1969 961 1990 tu

221 2017 287 2055 ipse,
301 2015 347 2054 qui
364 2014 439 2042 illam
453 2012 583 2047 struxisti,
597 2011 702 2048 aliaque
716 2008 814 2038 omnia.
829 2007 859 2037 Si
873 2014 960 2036 autem

221 2072 285 2090 usus
312 2067 350 2088 est
370 2067 442 2095 tuus,
460 2058 505 2085 ille
527 2066 631 2095 quoqne
646 2056 761 2084 incertus
784 2061 837 2089 est,
851 2064 903 2082 non
927 2053 961 2081 ob

222 2114 334 2136 mortem
356 2112 470 2141 tantum,
488 2103 533 2131 sed
556 2102 636 2131 etiam
662 2108 721 2130 ante
744 2107 856 2128 mortem
874 2099 908 2128 ob
922 2109 961 2127 re-

222 2165 281 2182 rum
301 2151 512 2181 instabilitatem.
528 2149 591 2176 Haec
611 2159 672 2186 ergo
693 2146 765 2186 apud
788 2156 835 2174 nos
856 2145 961 2173 assidue

222 2198 409 2231 daecribentes‚
426 2194 646 2235 philosophemur
658 2199 682 2220 et
691 2192 745 2220 duo
762 2202 821 2230 quae
834 2197 894 2219 sunt
905 2201 961 2218 ma-

224 2244 296 2271 xima
307 2240 480 2271 lucrabimur.
493 2239 561 2266 Nam
574 2244 598 2265 et
613 2237 681 2275 grati
699 2236 797 2264 erimus
811 2242 836 2264 et
847 2235 913 2262 dum
924 2241 962 2262 te-

225 2299 316 2317 nemus
330 2294 355 2316 et
374 2285 440 2314 dum
454 2295 468 2313 a
485 2283 562 2312 nobis
579 2282 745 2316 auferuntur,
759 2291 844 2318 neque
857 2279 960 2309 servie-

259 2398 270 2415 b
289 2397 349 2427 Reg.
363 2397 422 2419 ἀλλὰ
437 2395 491 2425 παρ’
502 2394 596 2419 ἑκόντος.
608 2389 747 2422 [Accedunt
759 2391 786 2413 A.
801 2390 838 2421 B„
850 2388 924 2421 idque
939 2396 979 2412 re-

226 2436 343 2467 cepimus.
360 2432 452 2457 Aberat
464 2429 628 2464 praepositio.]

262 2474 273 2491 ¹¹
293 2474 297 2504 Ι
313 2474 422 2497 immeo-⁴
434 2472 463 2495 Δ.
474 2470 501 2493 Β,
517 2477 563 2500 pro
575 2467 640 2500 vulg.
651 2467 730 2498 ἀπελ]

259 2522 267 2532 η
286 2516 395 2542 Ῑνσμζων
407 2511 433 2533 Α.
447 2509 486 2539 8.]

1005 177 1146 199 AnctnEP
1153 191 1160 198 .
1189 176 1250 198 CO)
1257 174 1313 197 S'ra
1322 175 1373 197 NTl
1380 175 1455 197 NOI’.

1009 238 1142 276 φιλοζωεῖς
1153 236 1197 264 καὶ
1209 235 1375 273 κελευόμενος
1385 238 1534 264 καταθεῖναι
1548 236 1700 274 ἀντιλέγεις,
1712 237 1772 265 οὐκ·

1009 282 1047 309 ε’τι
1068 282 1160 313 πιστὸς
1174 280 1306 317 οἷκονόμος
1319 276 1350 309 ε’ἷ.
1366 281 1417 309 Καὶ
1429 283 1484 314 πῶς
1496 281 1532 310 ἔνι
1546 283 1615 309 Θεοῦ
1635 283 1772 314 καλοῦντος

1010 328 1178 360 ἀντιστῆναις
1195 327 1281 354 Τοῦτο
1303 326 1354 365 γὰρ
1375 326 1448 365 κάγώ
1471 339 1554 366 φημι,
1577 327 1622 355 καὶ
1641 327 1684 355 διὰ
1697 330 1772 355 τοῦτο

1010 371 1071 399 αὐτὸ
1091 372 1207 408 μάλιστα
1222 372 1346 409 θαυμάζω
1360 375 1404 400 τοῦ
1417 373 1486 401 Θεοῦ
1504 373 1553 407 τὴν
1568 371 1772 411 φιλανθρωπίαν,

1008 417 1048 445 ὅτι
1073 417 1089 444 ἃ
1111 416 1217 445 δύναται
1238 417 1282 445 καὶ
1307 418 1414 450 ἄκοντός
1442 429 1487 446 σου
1510 417 1583 456 παρὰ
1606 421 1651 446 σοῦ’
1673 417 1773 451 kagan,

1008 465 1090 490 ταῦτα
1103 464 1131 491 οὖ
1147 463 1267 500 βούλεται
1287 463 1393 496 ἄκοντος
1418 465 1605 502 εἰσενεχθῆναι,
1618 463 1659 491 ἵνα
1672 463 1716 491 καὶ
1730 475 1774 500 μι-

1010 507 1069 536 σθὸν
1082 508 1153 546 ἔχῃς.
1169 504 1231 536 Οἷον
1249 508 1356 537 δύναται
1370 509 1418 543 τὴν
1430 509 1517 548 ψυχὴν
1541 509 1632 537 λαὲεῑν
1651 508 1774 542 ἄκοντος,

1010 553 1077 582 ἀλλὰ
1092 553 1104 568 ¹³
1115 555 1177 591 παρ’
1198 553 1301 585 ἑκόντος
1314 553 1454 590 βούλεται,
1469 553 1511 582 ἵνα
1526 553 1603 592 λέγῃς
1617 553 1685 581 κατὰ
1700 554 1774 581 Παῦ-

1009 600 1063 627 λον·
1078 600 1142 627 Καθ’
1160 598 1259 637 ἡμέραν
1272 599 1438 634 ἀποθνήσκω,
1451 599 1566 627 Δύναταί
1578 611 1622 627 σου
1637 598 1684 632 τὴν
1699 598 1774 631 δόξαν

1010 646 1099 674 Mesua
1123 646 1229 678 ἄκοντος
1253 646 1298 674 καὶ
1324 647 1433 680 ποιῆσαι
1460 645 1591 679 ταπεινὸν,
1618 643 1686 672 ἀλλὰ
1709 646 1772 682 παρ’

1012 692 1113 724 ἑκόντος
1129 691 1215 726 θέλει,
1228 691 1270 720 ἵνα
1285 691 1398 729 <zuozo-hv
1414 691 1484 730 ἔχῃς.
1500 690 1615 718 Δύναταί
1627 702 1655 719 σε
1666 692 1774 724 ποιῆσαι

1011 737 1112 772 πένητα
1123 760 1130 772 ,
1147 738 1191 765 καὶ
1206 737 1242 775 μὴ
1265 737 1430 775 βουλόμενον,
1447 737 1505 764 ἀλλ’
1521 736 1613 764 ἑκόντα
1636 747 1666 764 σε
1685 735 1775 774 βούλε-

1011 795 1054 811 ται
1065 782 1184 820 γενέσθαι
1197 785 1322 817 τοιοῦτον,
1335 782 1378 810 ἵνα
1389 793 1429 811 σοι
1443 781 1524 819 πλέξῃ
1539 781 1687 820 στεφάνους.
1700 776 1775 813 Εἶδες

1012 830 1081 857 Θεοῦ
1101 828 1312 867 φιλανθρωπίαν;
1337 823 1401 860 εἶδες
1423 827 1530 856 νωθείαν
1553 826 1699 866 ἡμετέραν;
1713 826 1776 855 Ἐπ’

1013 874 1160 912 ἀξιώματος
1187 874 1273 913 ἐγένου
1299 874 1431 912 μεγάλου,
1453 873 1497 901 καὶ
1518 873 1601 911 ἀρχῆς
1630 870 1776 900 εἐπελάθου

1013 919 1076 948 ποτὲ
1098 921 1330 954 ἐκκλησιαστικῆς,
1353 918 1398 953 Μὴ
1426 918 1493 956 μέγα
1516 917 1620 956 φρόνει·
1635 918 1663 945 οὗ
1677 916 1708 945 σὺ
1728 915 1776 951 τὴν

1014 964 1087 998 δόξαν
1098 965 1201 999 ἐκτήσω
1209 986 1216 999 ,
1233 965 1289 993 ἀλλ’
1304 966 1318 992 ὁ
1329 964 1395 995 Θεός
1407 975 1435 992 σε
1446 963 1571 992 ἐνέδυσεν.
1583 962 1630 994 Ὡς
1641 961 1777 1001 ἀλλοτρίας

1014 1011 1099 1039 τοίνυν
1123 1010 1226 1049 φείδου,
1246 1010 1282 1047 μὴ
1299 1009 1503 1048 καταχρώμενος
1522 1009 1603 1046 αὐτῇ,
1628 1007 1695 1045 μηδὲ
1709 1009 1778 1036 ἄπο-

1013 1056 1147 1095 χρώμενος
1172 1057 1208 1088 εἰς
1226 1055 1258 1083 τὰ
1275 1055 1312 1092 μὴ
1335 1054 1516 1093 προσήκοντα,
1534 1052 1599 1091 μηδὲ
1612 1051 1778 1091 φυσώμενος,

1015 1101 1080 1139 μηδὲ
1096 1101 1320 1140 σφετεριζόμενος,
1337 1099 1405 1128 ἀλλὰ
1417 1098 1517 1133 πένητα
1529 1098 1623 1126 σαυτὸν
1635 1093 1701 1126 εἶναι
1714 1101 1725 1113 ²
1734 1097 1777 1126 νό-

1015 1149 1071 1184 μιζε
1086 1146 1131 1175 καὶ
1142 1146 1243 1178 ἄδοξον.
1256 1147 1296 1174 Οὔ
1308 1144 1374 1184 γὰρ,
1384 1146 1405 1172 εἷ
1418 1143 1551 1183 πορφύραν
1568 1142 1707 1182 βασιλικὴν
1725 1145 1778 1172 ἐνε-

1013 1192 1147 1231 χειρίσθης
1170 1191 1318 1230 ψυλάττειν,
1339 1191 1391 1218 ἔδει
1415 1189 1680 1229 καταχρήσασθαιὲᾖ
1697 1190 1777 1228 στολῇ

1014 1239 1058 1266 καὶ
1084 1238 1267 1276 λυμήνασθαι,
1294 1236 1361 1265 ἀλλὰ
1383 1235 1450 1274 μετὰ
1478 1234 1595 1267 πλείονος
1624 1234 1704 1269 αὐτὴν
1731 1237 1778 1269 τῆς

1014 1284 1148 1324 ἀκριξείας
1166 1287 1253 1322 τηρεῖν
1275 1283 1312 1320 τῷ
1337 1280 1470 1310 δεδωκότι.
1497 1280 1580 1319 Λόγον
1601 1280 1707 1315 {tagam
1731 1279 1777 1315 Μὴ

1014 1331 1087 1368 φυσῶ
1096 1352 1104 1365 ,
1121 1328 1186 1366 μηδὲ
1200 1326 1353 1360 ἀλαζονεύου
1363 1338 1368 1343 ·
1384 1328 1412 1355 οὗ
1423 1326 1473 1366 γάρ
1486 1327 1541 1354 ἐστι
1551 1326 1594 1354 σὸν
1608 1326 1637 1354 τὸ
1650 1325 1778 1364 χάρισμα.

1015 1375 1060 1410 Μὴ
1077 1374 1205 1413 ἀγνώμων
1223 1373 1267 1401 ἔσο
1282 1372 1342 1412 περὶ
1356 1371 1389 1400 τὰ
1405 1371 1562 1406 δεσποτικὰ,
1584 1371 1652 1400 ἀλλὰ
1673 1371 1778 1409 διάνεμε

1013 1425 1066 1453 τοῖς
1085 1419 1245 1454 συνδούλοις,
1260 1418 1304 1446 καὶ
1321 1417 1389 1455 μήτε
1402 1419 1436 1449 ὡς
1447 1417 1491 1445 ἐπὶ
1505 1416 1579 1449 ἰδίοις
1593 1416 1701 1455 ἐπαίρου
1717 1416 1778 1445 τού-

1014 1479 1081 1501 τοις,
1098 1466 1164 1504 μήτε
1180 1465 1266 1504 φείδου
1279 1463 1346 1492 ὥστε
1359 1463 1500 1500 διανέμειν.
1519 1462 1574 1491 Κᾶν
1593 1463 1687 1494 παῖδας
1700 1461 1776 1501 ἔχῃς,

1014 1515 1058 1540 τοῦ
1074 1513 1142 1541 Θεοῦ
1157 1511 1237 1549 ἔχεις·
1253 1509 1282 1538 ἂν
1297 1509 1364 1537 οὕτω
1379 1509 1499 1547 νομίζῃς,
1521 1507 1565 1536 καὶ
1584 1507 1651 1546 ἔχων
1673 1509 1777 1546 εὐχαρι-

1015 1557 1135 1592 στήσεις,
1149 1557 1192 1584 καὶ
1210 1554 1355 1594 ἀφαιρεθεὶς
1367 1555 1413 1583 οὐκ
1427 1554 1562 1592 ἀλγήσεις·
1577 1549 1628 1585 οἷος
1643 1548 1674 1587 ἦν
1687 1555 1700 1581 ὁ
1714 1552 1778 1581 ’1ὼὸ

1014 1603 1106 1640 λέγων,
1117 1601 1151 1630 ‘O
1164 1600 1258 1639 Κύριος
1267 1600 1371 1633 ἔδωκεν,
1384 1602 1397 1628 ὃ
1411 1599 1504 1638 Κύριος
1520 1598 1647 1637 ἀφείλετο.
1663 1596 1676 1613 ¹¹
1685 1597 1778 1626 Πάντα

1015 1648 1066 1686 γὰρ
1088 1646 1160 1686 παρὰ
1176 1648 1220 1674 τοῦ
1242 1646 1357 1684 Χριστοῦ
1381 1644 1484 1683 ἔχομεν·
1507 1644 1551 1672 καὶ
1574 1643 1637 1672 αὖτὸ
1661 1643 1691 1671 τὸ
1713 1639 1778 1672 εἶναι

1016 1694 1049 1721 δι’
1079 1693 1157 1720 αὐτοῦ
1184 1691 1278 1730 ἔχομεν
1291 1713 1298 1726 ,
1329 1690 1375 1718 καὶ
1399 1690 1429 1718 τὸ
1457 1691 1502 1727 ζ’ᾔν
1531 1689 1576 1717 καὶ
1602 1688 1632 1717 τὸ
1656 1689 1778 1716 ἀναπνεῖν

1016 1738 1061 1766 καὶ
1086 1738 1114 1766 τὸ
1140 1739 1194 1775 φῶς
1215 1736 1261 1764 καὶ
1286 1736 1330 1764 τὸν
1352 1735 1416 1774 ἀέρα
1435 1734 1480 1762 καὶ
1497 1734 1544 1769 τὴν
1561 1736 1623 1773 γῆν·
1645 1733 1692 1762 κᾶν
1714 1735 1779 1762 ἀπο-

1016 1782 1107 1820 κλείσῃ
1139 1794 1164 1810 τι
1192 1781 1299 1816 τούτων,
1327 1780 1487 1817 ἀπωλόμεθα
1514 1780 1559 1808 καὶ
1588 1779 1761 1818 διεφθάρημεν
1771 1791 1777 1796 “

1017 1828 1138 1866 πάροικοι
1149 1826 1200 1865 γάρ
1210 1827 1287 1862 ἐσμεν
1300 1825 1345 1853 καὶ
1359 1825 1548 1864 παρεπίδημοι.
1560 1824 1600 1852 Τὸ
1612 1824 1639 1852 δὲ
1653 1824 1715 1862 ἐμὸν
1734 1824 1779 1852 καὶ

1017 1875 1046 1902 τὸ
1065 1874 1108 1902 σὸν
1131 1875 1205 1901 τοῦτο
1228 1871 1334 1910 ῥήματά
1348 1873 1403 1900 ἐστι
1416 1871 1481 1909 ψιλὰ
1494 1870 1570 1908 μόνον
1581 1882 1587 1888 ·
1602 1870 1646 1899 ἐπὶ
1660 1870 1686 1899 δὲ
1706 1882 1777 1909 πρα-

1017 1919 1123 1958 γμάτων
1137 1920 1186 1956 οὐχ
1198 1917 1302 1952 ἕστηκε.
1315 1915 1384 1945 εΚαὶ
1395 1915 1446 1954 γὰρ
1460 1917 1483 1943 εἷ
1494 1916 1541 1950 τὴν
1555 1915 1638 1944 οἰκίαν
1653 1916 1701 1952 σὴν
1714 1911 1779 1944 εἶναι

1018 1965 1080 2004 φῂς,
1098 1964 1170 2003 ῥῆμά
1192 1964 1247 1992 ἐστι
1266 1961 1421 2001 πράγματος
1435 1961 1541 2000 ἔρῃμον.
1553 1961 1607 1991 Καὶ
1625 1961 1675 2000 γὰρ
1700 1961 1745 1990 καὶ
1765 1963 1778 1989 ὁ

1019 2011 1069 2049 ἀὴρ
1083 2010 1127 2038 καὶ
1138 2011 1172 2048 γῆ
1185 2008 1230 2037 καὶ
1244 2008 1292 2043 ὕλη
1309 2010 1354 2035 τοῦ
1382 2008 1539 2046 δημιουργοῦ
1550 2029 1558 2043 ,
1581 2007 1626 2036 καὶ
1646 2006 1677 2035 σὺ
1692 2006 1720 2035 δὲ
1734 2007 1777 2035 αὖ·

1018 2057 1059 2088 τὀς
1073 2059 1086 2084 ὁ
1097 2053 1295 2085 κατασκευάσας
1308 2052 1399 2088 αὐτὴν,
1409 2052 1454 2081 καὶ
1466 2052 1498 2080 τὰ
1512 2052 1580 2080 ἀλλὰ
1593 2052 1619 2080 δὲ
1633 2052 1728 2080 πάντα·
1743 2052 1778 2080 Εἰ

1018 2102 1045 2130 δὲ
1056 2104 1072 2136 ἡ
1083 2103 1177 2140 χρῆσις
1191 2099 1241 2134 σὴ,
1262 2098 1329 2127 ἀλλὰ
1350 2097 1394 2125 καὶ
1409 2096 1473 2132 αὐτὴ
1489 2097 1599 2134 ἄδηλος,
1620 2098 1649 2125 οὗ
1671 2096 1714 2125 διὰ
1734 2097 1777 2125 τὸν

1019 2147 1126 2176 θάνατον
1143 2145 1228 2183 μόνον,
1243 2143 1310 2171 ἀλλὰ
1324 2143 1368 2171 καὶ
1383 2143 1434 2181 πρὸ
1446 2145 1490 2170 τοῦ
1501 2141 1611 2171 θάνατου
1624 2141 1668 2170 διὰ
1678 2141 1708 2170 τὸ
1725 2143 1777 2169 τῶν

1018 2191 1179 2230 πραγμάτων
1191 2189 1347 2228 εὖρίπιστον.
1359 2188 1443 2216 Ταῦτ’
1456 2182 1498 2215 οἶν
1516 2189 1631 2226 συνεχῶς
1641 2189 1704 2226 παρ’
1721 2188 1780 2215 ἑαυ-

1018 2242 1070 2269 τοῖς
1084 2236 1224 2275 γράφοντες
1236 2257 1242 2269 ,
1259 2232 1485 2272 φιλοσοφήσωμεν,
1506 2232 1550 2260 καὶ
1564 2232 1608 2260 δύο
1621 2231 1654 2260 τὰ
1669 2232 1780 2270 μέγιστα

1018 2283 1203 2322 κερδανοῦμεν·
1223 2278 1373 2318 εὐχάριστοι
1385 2290 1414 2306 τε
1428 2277 1477 2316 γὰρ
1493 2277 1604 2315 ἐσόμεθα
1620 2277 1665 2305 καὶ
1679 2277 1780 2315 ἔχοντες

1061 2387 1073 2404 b
1092 2385 1132 2408 Ita
1141 2385 1202 2415 Reg.
1216 2381 1302 2415 probe.
1315 2381 1383 2406 Editi
1395 2385 1468 2407 πάντα
1479 2385 1522 2414 γὰρ
1533 2384 1562 2406 τὰ
1573 2383 1612 2405 τοῦ
1622 2383 1718 2413 Χριστοῦ
1730 2384 1779 2412 ἔχο-

1027 2437 1077 2457 μεν,
1089 2431 1227 2455 perperam.

1060 2470 1070 2481 e
1086 2463 1095 2493 [
1107 2465 1133 2486 A.
1145 2465 1184 2487 κᾶν
1197 2466 1239 2489 τὴν
1251 2464 1358 2485 olam-1..
1370 2464 1418 2491 φῇς,
1428 2460 1493 2490 ῥῆμα
1506 2457 1584 2487 εἶπες]
