1845 2876
55 780 122 801 Psal.
144 787 194 810 ¹09·

56 1549 158 1579 Philipp.
173 1556 195 1571 2.

55 1581 93 1602 1⁵.

215 153 260 187 50

550 164 578 186 S.
606 164 744 187 JOANNIS
771 163 950 187 CHRYSOST.
981 164 1134 187 AncniEP.
1164 166 1430 189 CONSTANTINOP.

211 224 343 254 Crueifixi
362 233 456 264 nempe
472 224 519 263 qui
534 233 713 255 resurrexerat
723 225 877 265 potentiam.
896 225 955 254 Non
973 227 991 250 C
1011 225 1078 254 οὕτω
1093 227 1258 264 Θαυμαστὸν,
1274 228 1296 256 εἷ
1312 228 1462 265 πολεμῆσαι
1477 226 1576 256 εἵλοντο
1589 229 1622 267 τῇ
1639 229 1778 267 οἰκουμένῃ

210 272 247 300 ita
261 271 384 300 mirabile
398 271 500 306 fuisset,
520 271 542 300 si
558 271 660 301 bellum
677 272 803 301 sensibile
818 272 845 300 in
868 278 953 299 totum

211 318 304 345 orbem
330 317 426 345 inferre
448 317 608 353 voluissent,
642 325 670 346 ut
695 318 795 346 mirum
817 324 855 345 est
885 316 953 344 illud

211 363 280 400 quod
297 373 367 391 nnnc
382 362 482 391 sactum
500 370 548 392 est.
562 364 630 392 Nam
645 363 702 402 lege
717 363 780 391 belli
793 362 889 391 licebat
902 362 952 390 ad—

208 418 301 436 versus
315 418 438 436 inimicos
462 414 532 436 stare
544 430 551 444 ,
569 415 594 436 ct
609 408 742 436 contraria
763 413 892 446 occupata
910 417 951 434 re-

208 453 286 491 gione
295 475 302 489 ,
315 453 354 481 sic
363 460 454 482 contra
467 454 554 482 hostes
565 454 646 482 aciem
659 455 787 482 instruere
796 476 804 488 ‚
820 460 898 491 atque
908 463 951 480 oc-

207 499 338 528 casionem
347 500 466 538 accipere
476 500 622 529 invadendi
637 507 662 529 et
679 511 773 529 manus
787 499 949 528 conserendi.

207 544 258 573 Hic
269 552 357 573 autem
374 555 424 573 non
441 545 486 573 ita.
497 547 556 574 Non
567 546 638 574 enim
650 545 796 574 exercitum
811 545 951 584 proprium

205 589 341 619 habebant
350 613 358 627 ,
371 590 415 619 sed
427 601 488 619 cum
503 591 569 630 ipsis
584 591 700 619 inimicis
715 591 841 630 permixti
854 597 945 625 erant,

206 643 231 664 et
253 637 291 665 sie
304 637 365 665 illos
388 637 545 672 vincebant,
560 644 639 675 atque
666 637 692 665 in
718 637 813 665 mediis
834 636 948 665 inimicis

204 689 352 717 versantes,
367 682 477 710 illorum
492 682 607 721 impetus
621 682 813 720 propulsabant
828 689 853 709 et
867 692 947 720 snpe-

206 729 315 766 rabant,
326 737 404 767 atque
421 729 561 757 victoriam
576 729 749 767 reportabant
763 727 947 767 splendidam,

205 786 264 813 quae
277 775 444 814 prophetiam
459 774 587 812 implebat
597 773 730 801 dicentem
746 785 751 800 :
766 774 805 801 Et
818 774 949 801 domina·

206 822 280 849 beris
294 823 326 848 in
349 821 442 847 medio
462 821 645 846 inimicorum
666 826 790 847 tuorum.
807 818 863 847 Hoc
877 818 949 847 enim

205 865 322 893 maxime
333 871 469 903 stuporem
485 864 640 903 injiciebat,
656 864 729 902 quod
747 875 809 892 cum
823 875 866 893 eos
878 871 949 892 tene-

203 918 260 939 rent
272 910 374 938 inimici
387 932 394 945 ,
409 917 489 948 atque
502 910 530 938 in
551 921 682 939 carcerem
697 917 721 938 et
740 910 848 939 vincula
864 910 947 949 conji-

203 963 306 992 cerent,
318 967 370 985 non
385 956 464 984 modo
479 956 550 995 ipsos
562 967 614 984 non
635 963 790 995 superarent
801 956 861 991 3sed
870 963 946 995 post-

204 1013 232 1030 ea
261 1008 321 1030 ante
349 1001 409 1029 illos
440 1001 647 1040 procumberent
661 1024 668 1035 ,
693 1001 858 1039 flagellantes
886 1008 946 1030 ante

204 1047 352 1086 flagellatos
364 1069 372 1083 ,
386 1047 532 1075 vincientes
549 1054 610 1075 ante
622 1047 726 1075 vinctos
738 1069 745 1083 ‚
760 1054 946 1086 persequentes

204 1099 265 1121 ante
278 1093 378 1132 pulsos.
401 1093 464 1120 Haec
484 1103 563 1131 porro
584 1092 673 1120 omnia
696 1092 798 1120 Graecis
816 1091 944 1127 dicimus,

204 1138 258 1167 imo
270 1138 312 1166 his
321 1139 520 1178 plura31nagna
534 1137 634 1176 quippe
648 1144 685 1165 est
699 1137 820 1165 veritatis
830 1137 945 1165 ubertas.

205 1184 234 1213 Si
250 1184 322 1212 enim
339 1190 526 1222 argumentum
538 1183 701 1220 sequamini,
711 1193 801 1211 omnes
811 1193 859 1211 vos
868 1182 945 1211 doce-

203 1229 294 1257 bimus
305 1229 432 1257 adversus
447 1229 506 1257 illos
518 1228 750 1256 concertationem.
764 1228 873 1256 Interim
882 1238 946 1256 vero

205 1275 249 1303 bic
269 1275 323 1303 duo
347 1285 532 1303 conservemus
555 1274 657 1313 capita:
684 1274 817 1313 quomodo
845 1274 946 1302 infirmi

205 1322 284 1349 fortes
311 1321 480 1360 superarint3
505 1328 530 1349 et
551 1320 685 1359 quomodo
705 1320 769 1360 ipsis
787 1321 900 1349 venisset
919 1321 946 1349 in

205 1374 319 1396 mentem
335 1378 395 1396 cum
411 1367 474 1395 tales
485 1374 568 1395 essent
583 1367 645 1394 talia
665 1367 774 1395 consilia
786 1366 921 1406 suscipere
937 1389 944 1403 ‚

205 1413 257 1441 nisi
270 1413 363 1441 divino
376 1413 453 1452 potiti
467 1413 580 1441 fuissent
591 1412 705 1440 auxilio.

245 1460 272 1487 6.
286 1459 321 1486 Et
332 1466 418 1487 nostra
428 1458 535 1496 quidem
547 1458 682 1486 hactenus.
696 1458 750 1486 Nos
761 1464 849 1486 autem
860 1458 946 1496 operi-

205 1505 259 1533 bus
279 1505 361 1533 vitam
381 1512 450 1533 recte
474 1515 614 1543 geramus,
636 1511 661 1532 et
682 1504 818 1542 copiosum
836 1504 946 1532 virtutis

208 1550 296 1589 ignem
309 1550 493 1578 accendamus.
510 1549 665 1577 Luminaria
680 1549 749 1577 enirn
761 1549 831 1583 estis,
846 1549 942 1586 inquit,

208 1597 235 1624 in
258 1596 346 1624 medio
371 1595 463 1624 mundi
487 1595 616 1634 fulgentes
628 1607 634 1621 :
646 1602 671 1623 et
694 1595 807 1632 singulis
827 1602 946 1623 nostrum

206 1644 332 1683 majorem
351 1645 420 1671 Deus
435 1642 510 1671 dedit
529 1653 608 1670 usum
619 1665 626 1678 ‚
640 1652 721 1680 quam
742 1642 806 1678 soli3
818 1643 946 1681 majorem

203 1701 285 1728 qnam
304 1689 368 1718 caelo
389 1696 415 1717 et
430 1695 507 1717 terrae
524 1695 553 1717 vet
572 1688 657 1725 mari,
674 1695 699 1716 et
721 1695 793 1716 tanto
808 1690 946 1727 majorem,

203 1744 303 1775 quanto
324 1737 475 1776 spiritualia
499 1736 670 1765 sensibilibus
691 1736 856 1775 przecellunt.
877 1737 946 1764 Cum

204 1793 267 1821 ergo
275 1782 338 1811 solis
344 1781 475 1810 circulum
485 1781 662 1820 conspicimus
671 1787 695 1808 et
704 1780 944 1820 pulchitudinem,

206 1839 303 1867 corpus
317 1835 342 1856 et
352 1827 518 1867 splendorem
530 1827 592 1855 astri
608 1826 786 1861 admiramur,
799 1827 944 1865 cogitemus

206 1875 335 1912 majorem
347 1880 371 1901 ct
385 1873 522 1901 meliorem
531 1872 558 1900 in
570 1872 646 1901 nobis
655 1882 709 1900 csse
716 1872 854 1908 lucem;ut
865 1873 944 1900 etiam

207 1919 341 1957 graviores
366 1918 498 1953 tenebras,
521 1917 573 1946 nisi
601 1917 770 1945 attendamus
785 1929 790 1944 :
803 1928 866 1945 nam
890 1929 945 1946 nox

206 1964 337 2003 profunda
352 1970 438 1992 totum
449 1964 541 1991 orbem
555 1970 674 2002 occupat.
690 1963 764 1991 Hanc
777 1963 858 2001 igitur
871 1974 944 1992 ever-

206 2016 294 2038 tamus
309 2017 333 2038 et
348 2010 491 2038 solvamus.
504 2010 565 2037 Nox
579 2013 630 2037 no'n
645 2009 672 2037 in
682 2009 814 2037 haereticis
828 2016 853 2037 et
869 2010 945 2038 Groe-

207 2056 244 2084 cis
269 2063 381 2091 tantum,
396 2055 442 2083 sed
470 2055 550 2083 etiam
566 2055 593 2083 in
619 2055 710 2083 multis
734 2055 780 2093 qui
806 2055 946 2084 nobiscum

207 2108 281 2138 sunt,
297 2108 351 2129 tam
367 2102 393 2129 in
411 2101 593 2139 dogmatibus,
624 2111 705 2139 quarn
730 2101 758 2129 in
785 2101 849 2129 vita.
865 2101 945 2129 Multi

207 2147 277 2176 enim
288 2147 473 2176 resurrectioni
488 2157 539 2174 non
549 2146 669 2181 credunt,
685 2146 763 2175 multi
781 2147 946 2185 genethliaca

208 2194 336 2222 sententia
343 2204 370 2222 se
377 2192 516 2227 muniunt;
528 2192 573 2220 alii
582 2193 815 2221 observationibus
829 2193 946 2229 student,

208 2250 309 2269 necnon
338 2239 582 2274 vaticinationibus,
606 2239 726 2277 auguriis
751 2246 776 2267 et
793 2239 944 2278 symbolis3
964 2241 982 2262 Β

209 2286 256 2314 alii
284 2286 458 2326 ligaminibus
486 2291 512 2314 et
527 2285 753 2314 incantationibus
775 2292 897 2314 utuntur.
913 2287 948 2314 At

960 1705 984 1754 >53

242 2401 252 2412 ³
271 2394 332 2427 Rog
347 2399 387 2423 τὰς
403 2397 481 2422 λαεάς.
495 2391 587 2427 [Quod
600 2392 777 2417 confirmatum
790 2393 822 2418 ab
836 2394 866 2418 A.
882 2395 910 2419 B.
924 2402 963 2418 re-

210 2432 321 2464 cepimus
336 2441 382 2464 pro
394 2433 462 2465 vulg
475 2435 571 2465 βὶάὲας
575 2431 584 2463 Ἰ

244 2471 381 2502 ’[ἐ-τὶὶῦου
400 2472 428 2497 A.
442 2472 484 2504 qui
496 2470 562 2495 idem
574 2471 663 2496 vitium
675 2469 781 2503 praebuit
793 2479 868 2502 supra
881 2479 906 2502 p.
920 2471 961 2500 29,

211 2510 242 2539 D,
254 2509 271 2535 l.
285 2508 319 2542 ⁴.]

1009 271 1124 310 πόλεμον
1140 272 1271 307 αἰσθητὸν,
1286 275 1322 305 ὡς
1331 275 1408 301 τοῦτο
1417 273 1447 302 τὸ
1460 273 1631 312 γεγενημένον
1646 277 1699 303 νῦν.
1713 274 1778 304 Ἐπὶ

1010 316 1056 353 μὲν
1070 317 1121 356 γὰρ
1135 321 1179 346 τοῦ
1191 318 1270 354 νόμου
1287 320 1335 352 τῆς
1352 317 1440 356 μάχης
1457 318 1516 353 ἐξῆν
1533 319 1690 352 ἀπεναντίας
1702 319 1779 349 ἵστα-

1009 364 1068 390 σθαι
1096 365 1147 390 τῶν
1179 363 1327 400 πολεμίων,
1353 364 1397 391 καὶ
1425 363 1514 402 χώραν
1541 365 1778 402 ἀπολαμὲάνοντας

1007 407 1126 435 ἐναντίαν
1143 408 1210 436 οὕτω
1222 408 1436 447 παρατάττεσθαι
1455 409 1519 446 πρὸς
1534 410 1592 442 τοὺς
1607 411 1776 449 ἐναντιουμέ-

1007 463 1078 488 νους,
1093 452 1137 480 καὶ
1156 454 1246 491 καιρὸν
1262 454 1330 492 ἔχειν
1345 454 1482 487 ἐπιθέσεως
1506 454 1550 484 καὶ
1568 455 1703 493 συμὸολῆς
1713 468 1719 474 ·
1734 457 1775 486 ἔν-

1007 500 1089 526 zazoa
1102 498 1129 526 δὲ
1141 500 1189 537 οὐχ
1199 498 1280 531 οὕτως
1290 511 1296 516 ·
1315 500 1343 527 οὔ
1357 498 1408 538 γὰρ
1423 500 1598 539 στρατόπεδον
1612 501 1676 529 ἴδιον
1691 497 1772 540 εἶχον,

1007 544 1074 572 ἀλλὰ
1096 546 1182 577 αὐτοῖς
1204 545 1374 584 ἀνεμίγνυντο
1389 551 1442 578 τοῖς
1456 546 1605 584 πολεμίοις,
1625 547 1671 576 καὶ
1691 547 1773 580 οὕτως

1006 590 1091 618 αὐτῶν
1108 590 1232 628 ἐκράτουν
1244 602 1250 608 ·
1265 591 1310 619 καὶ
1323 592 1348 619 ἓν
1365 591 1519 629 μέσοις-τοῖς
1533 594 1634 631 ἐχθροῖς
1648 594 1772 631 ἀναστρε-

1005 634 1126 672 φόμενοι,
1142 635 1320 664 διωλίσθαινον
1337 638 1420 665 αὐτῶν
1434 636 1497 669 ἓτὰς
1509 636 1610 673 λαὸὰς,
1624 637 1668 666 καὶ
1681 649 1772 677 περιε-

1004 680 1104 718 γίνοντο
1118 680 1162 708 καὶ
1175 680 1265 709 ἐνίκων
1280 682 1353 717 νίκην
1367 682 1491 722 λαμπρὰν
1504 683 1655 722 πληροῦσαν
1671 695 1771 723 προφη-

1003 725 1073 753 τείαν
1094 725 1221 763 λέγουσαν
1236 738 1242 744 ·
1262 727 1315 756 Καὶ
1339 727 1552 765 κατακυριεύσεις
1572 729 1598 756 ἐν
1626 728 1700 768 μέσῳ
1718 731 1771 758 τῶν

1005 771 1104 808 ἐχθρῶν
1119 782 1176 799 σου.
1193 773 1279 800 Τοῦτο
1291 772 1341 811 γὰρ
1355 768 1386 807 ἦν
1401 773 1431 801 τὸ
1446 773 1545 807 nom<
1564 773 1714 808 ἐκπλήξεως
1727 774 1771 813 γε’-

1005 827 1066 853 μον,
1079 816 1118 844 ὅτι
1135 817 1288 856 κατέχοντες
1302 817 1394 850 αὐτοὺς
1408 820 1431 847 οἱ
1446 818 1548 858 ἐχθροὶ,
1563 819 1608 847 καὶ
1622 821 1658 852 εἷς
1671 820 1772 858 δεσμω-

1003 861 1092 900 τήριον
1107 862 1282 899 ἐμέοίλλοντες
1297 864 1341 891 καὶ
1357 863 1481 901 ἓεσμοῦς,
1500 866 1528 893 οὖ
1544 864 1620 902 μόνον
1635 866 1721 894 αὐτῶν
1741 866 1770 894 οὗ

1003 908 1195 946 περιεγένοντο,
1221 909 1288 937 ἀλλὰ
1316 909 1360 937 καὶ
1385 909 1458 938 αὐτοὶ
1484 909 1550 948 μετὰ
1575 913 1659 939 ταῦτα
1683 913 1770 944 αὐτοῖς

1002 952 1149 982 ὑπέκυπτον
1158 974 1165 987 ,
1191 955 1214 982 οἱ
1239 954 1405 991 μαστίζοντες
1428 959 1480 986 τοῖς
1504 956 1702 994 μαστιζομένοις
1712 978 1720 991 ,
1746 958 1770 985 οἵ

1002 998 1154 1035 δεσμοῧντες
1176 1004 1229 1032 τοῖς
1247 1000 1404 1037 δεδεμένοις,
1426 1003 1450 1028 οἱ
1466 1000 1602 1033 διώκοντες
1622 1006 1674 1033 τοῖς
1690 1002 1770 1030 &Rau-⁴

1001 1043 1125 1080 νομένοις.
1147 1046 1238 1075 Ταῦτα
1254 1046 1286 1080 δὴ
1303 1045 1389 1074 πάντα
1409 1046 1473 1085 πρὸς
1492 1046 1626 1081 ςΈλληνας
1646 1046 1768 1085 λέγομεν,

1001 1090 1100 1126 μᾶλλον
1114 1089 1140 1117 δὲ
1156 1090 1200 1118 καὶ
1214 1090 1310 1119 τούτων
1329 1091 1436 1120 πλείονα
1448 1102 1454 1108 ·
1468 1091 1552 1127 πολλὴ
1567 1091 1618 1131 γὰρ
1638 1094 1686 1127 τῆς
1700 1094 1768 1128 ἀλη-

1001 1134 1070 1167 θείας
1085 1138 1100 1170 ἡ
1118 1136 1263 1175 περιουσία.
1277 1136 1332 1165 Κᾶν
1356 1136 1407 1174 γὰρ
1425 1138 1639 1175 παρακολουθῆτε
1651 1140 1684 1177 τῇ
1701 1139 1768 1167 ὓπο-

1001 1180 1086 1215 oica,
1101 1186 1187 1209 πᾶσαν
1209 1183 1277 1218 ὑμᾶς
1296 1181 1343 1216 τὴν
1365 1182 1429 1222 πρὸς
1451 1183 1542 1215 αὐτοὺς
1564 1183 1701 1222 διδάξομεν
1718 1184 1767 1222 μα’-

1000 1237 1051 1264 χην
1064 1238 1070 1243 ·
1081 1226 1145 1259 τέως
1169 1226 1196 1255 δὲ
1213 1228 1287 1255 ταυτὶ
1302 1227 1347 1255 δύο
1371 1229 1536 1267 δια-τηρῶμεν
1552 1228 1697 1268 κεφάλαια,
1712 1232 1768 1262 πῶς

1001 1273 1025 1299 οἱ
1040 1273 1153 1304 ἀσθενεῖς
1168 1284 1227 1305 τους
1242 1272 1363 1312 ἰσχυρους
1378 1274 1515 1309 ἐνίκησαν,
1529 1286 1573 1303 και
1589 1275 1666 1303 πόθεν
1681 1277 1769 1308 αὐτοῖς

1001 1318 1118 1352 Ἰ*ε’ττηλθε
1136 1329 1259 1350 το·ουτοις
1275 1330 1333 1347 ουσι
1350 1322 1456 1347 τοιαῦτα
1478 1319 1678 1357 βουλευσασθαι,
1694 1321 1717 1349 εἰ
1730 1320 1767 1359 μὴ

1002 1363 1070 1396 θειας
1082 1364 1212 1393 ἀπέλαυον
1225 1364 1387 1404 συμμαχίας.

1041 1455 1094 1483 Καὶ
1106 1455 1139 1484 τὰ
1152 1457 1215 1494 παρ’
1229 1457 1305 1493 ἡμῶν
1320 1452 1380 1485 ὧδε.
1397 1455 1601 1496 1’Παρεχώμεθοι
1614 1457 1641 1487 δὲ
1657 1459 1701 1488 ἐπὶ
1715 1460 1766 1488 τῶν

1002 1501 1084 1541 ἔργων
1098 1500 1130 1529 τὰ
1141 1504 1184 1529 τοῦ
1202 1501 1257 1539 βίου
1276 1501 1480 1541 κατορθώματα,
1491 1503 1536 1532 καὶ
1551 1504 1656 1542 δαψιλὲς
1672 1505 1702 1534 τὸ
1716 1508 1767 1544 πῦρ

1001 1547 1159 1584 ἀνάπτωμεν
1174 1550 1220 1582 τ’ἦς
1241 1549 1343 1586 ἀρετῆς.
1360 1549 1505 1588 Φωστῆρες
1519 1548 1570 1588 γάρ
1584 1552 1658 1585 ἐστε,
1673 1551 1767 1590 φησὶν,

1002 1594 1028 1620 ἐν
1049 1592 1121 1630 μέσῳ
1142 1595 1186 1620 τοῦ
1207 1592 1306 1630 κόσμου
1330 1593 1478 1631 λάμποντες
1489 1605 1495 1610 ·
1510 1595 1556 1623 καὶ
1571 1596 1675 1632 μείζονα
1690 1599 1767 1635 ἡμῶν

1003 1637 1105 1694 {xic-„tp
1123 1638 1214 1676 χρείαν
1231 1638 1384 1677 ἐνεχείρισεν
1402 1642 1416 1667 ὁ
1437 1640 1520 1676 Θεὸς,
1535 1640 1552 1675 ἢ
1564 1643 1602 1680 τῷ
1617 1642 1695 1682 ἡλίῳ,
1710 1643 1768 1682 μεί-

1002 1685 1062 1717 ζονα
1073 1685 1179 1723 ουρανοῧ
1193 1696 1238 1712 και
1249 1687 1296 1722 γῆς
1313 1685 1357 1713 καὶ
1372 1685 1437 1714 eno'
1422 1697 1509 1721 αττης,
1522 1698 1567 1715 και
1579 1688 1694 1718 τοσουτω
1711 1689 1767 1728 μεί-

1002 1731 1075 1765 ζονα,
1089 1729 1142 1768 ὅσῳ
1158 1729 1191 1758 τὰ
1207 1729 1372 1765 πνευματικὰ
1390 1742 1442 1758 των
1459 1732 1589 1766 αἰσθητῶν
1610 1733 1767 1774 διενήνοχεν.

1002 1775 1085 1803 ἰὈταν
1101 1778 1144 1803 οὖν
1161 1787 1224 1813 προς
1239 1775 1282 1803 τὸν
1296 1776 1404 1809 ἡλιακὸν
1418 1775 1514 1814 ἴδωμεν
1524 1777 1634 1814 κυκλ,ον
1649 1791 1694 1808 και
1704 1783 1766 1808 θαυ-

1002 1821 1128 1858 μάσωμεν
1144 1820 1173 1848 τὸ
1184 1821 1279 1852 κάλλος
1293 1820 1337 1848 καὶ
1350 1821 1380 1849 τὸ
1396 1823 1472 1859 σῶμα
1488 1823 1532 1850 καὶ
1546 1823 1594 1858 τὴν
1606 1825 1767 1865 φαιδρότητα

999 1868 1044 1894 τοῦ
1057 1866 1152 1905 ἄστρου
1162 1866 1344 1903 ,λογιζώμεθα
1360 1867 1453 1903 πάλιν,
1464 1867 1503 1896 ὅτι
1519 1871 1604 1905 μεῖζον
1621 1870 1666 1898 καὶ
1684 1871 1768 1908 ἄμει-

998 1924 1040 1940 νον
1056 1912 1085 1940 τὸ
1099 1913 1125 1940 ἐν
1152 1915 1215 1950 ἡμῖν
1226 1915 1279 1951 φῶς
1289 1936 1295 1948 ,
1307 1913 1424 1952 καθάπερ
1437 1914 1482 1942 καὶ
1498 1915 1527 1943 τὸ
1540 1916 1630 1948 σκότος
1640 1917 1766 1956 χαλεπώ-

998 1970 1086 1998 τερον,
1103 1958 1132 1987 ἂν
1150 1958 1186 1996 μὴ
1200 1958 1370 1997 προσέχωμεν
1384 1971 1390 1976 ·
1403 1960 1448 1988 καὶ
1461 1960 1512 2000 γὰρ
1529 1961 1571 1995 νὺξ
1583 1963 1675 2000 βαθεῖα
1689 1963 1766 1992 κατέ-

998 2017 1041 2044 χει
1055 2004 1103 2039 τὴν
1115 2004 1268 2042 οἰκουμένην
1279 2005 1392 2033 ἅπασαν.
1403 2005 1511 2040 Ταύτην
1520 2007 1604 2035 τοίνυν
1615 2009 1766 2048 ἀνατρέψω-

1001 2063 1047 2090 μεν
1057 2050 1101 2079 καὶ
1108 2050 1239 2087 λύσωμεν.
1248 2050 1301 2083 Νὺξ
1311 2051 1356 2079 οὖν.
1366 2052 1392 2079 ἐν
1404 2051 1542 2091 αἷρετικοῑς
1552 2053 1608 2082 οὐδὲ
1617 2055 1643 2082 ἐν
1650 2053 1767 2090 Ἕλλησι

1001 2098 1095 2135 μόνον,
1112 2097 1180 2124 ἀλλὰ
1194 2096 1239 2125 καὶ
1258 2097 1365 2129 πολλοῖς
1392 2101 1445 2129 τοῖς
1471 2099 1534 2136 παρ’
1553 2100 1616 2136 ἡμῖν
1629 2099 1766 2138 δογμάτων

999 2142 1085 2170 ἕνεκεν
1097 2142 1141 2169 καὶ
1157 2141 1223 2179 βίου.
1241 2141 1339 2170 Πολλοὶ
1357 2142 1407 2180 γὰρ
1417 2145 1449 2180 τῇ
1462 2143 1602 2172 ἀναστάσει
1616 2145 1767 2174 διαπιστοῦ-

999 2199 1041 2223 σι,
1061 2187 1153 2216 πολλοὶ
1174 2187 1218 2215 καὶ
1238 2187 1338 2225 γένεσιν
1349 2189 1450 2220 ἑαλτοῑς
1461 2189 1662 2228 ἐπι-τειχίζουσι,
1675 2191 1768 2220 πολλοὶ

999 2234 1043 2263 καὶ
1058 2232 1255 2271 παρατηρήσεις
1270 2233 1441 2272 φυλάττουσι,
1457 2234 1501 2262 καὶ
1516 2236 1706 2274 κληδωνισμοῑς
1721 2237 1766 2265 καὶ

999 2286 1149 2322 οἷωνισμοῖς
1161 2283 1205 2312 καὶ
1219 2283 1359 2321 συμΕόλοις
1372 2295 1377 2301 ·
1392 2286 1416 2313 οἷ
1438 2284 1465 2312 δὲ
1479 2284 1526 2313 καὶ
1545 2286 1699 2324 περιάπτοις
1721 2286 1767 2316 καὶ

1048 2392 1059 2409 ¹¹
1077 2391 1118 2416 Sic
1130 2390 1216 2415 Codex
1228 2391 1318 2423 Regius
1330 2391 1432 2423 optime.
1446 2389 1514 2415 Editi
1527 2396 1674 2425 παρεχόμεθα
1686 2395 1709 2419 δὲ
1722 2401 1766 2419 τῶν

1013 2435 1092 2464 ἔργων,
1109 2436 1134 2454 et
1153 2430 1216 2454 infra
1236 2434 1373 2462 ἀνάπτομεν.
1390 2431 1441 2462 [Α.
1453 2432 1513 2455 ἀλλὰ
1532 2435 1562 2456 τά
1572 2435 1615 2463 μὲν
1633 2435 1689 2466 παρ’
1701 2438 1766 2465 ἡμῶν

1011 2471 1054 2495 ὦδι
1064 2477 1070 2483 ·
1082 2474 1112 2502 ἡμ
1118 2476 1146 2498 εἷς
1157 2472 1180 2495 δὲ
1192 2473 1228 2497 ἐπὶ
1242 2475 1286 2495 τῶν
1298 2472 1367 2503 ἔργον)
1378 2469 1555 2502 παρεχώμεθα]
