1891 2866
556 149 588 172 m
616 148 722 172 EPIST.
751 149 774 171 Ι.

116 211 269 250 Πνεύματος
280 234 287 247 ,
299 210 357 240 οὐδὲ
371 210 555 241 συντάττεσθαι
570 211 633 241 αὗτὸ
646 211 733 251 Πατρὶ
744 210 788 239 καὶ
808 211 875 249 Υἱῷ.

116 257 150 286 Εἰ
163 257 213 297 γὰρ
226 257 386 297 ἀπέρριπται
400 257 505 297 Πατρὸς
518 257 564 286 καὶ
583 258 662 293 Υῖοῧ,
675 258 765 296 πολλῷ
777 258 877 295 μᾶλλον

115 304 158 332 ἐπὶ
181 306 225 332 τοῦ
248 302 430 342 βαπτίσματος
452 304 514 332 αὐτὸ
535 303 720 333 συντάττεσθαι
740 303 786 332 οὐκ
806 302 858 331 ἔδει
869 325 877 338 ,

115 349 175 378 ἔνθα
193 350 308 387 μάλιστα
326 350 445 388 φαίνεται
459 350 488 378 τὸ
501 349 603 388 ἀξίωμα
617 352 664 385 τῆς
679 349 797 385 θεότητος
808 372 816 384 ,
833 349 877 378 καὶ

116 395 209 435 δωρεαὶ
221 396 334 425 δίδονται
346 397 408 435 Θεῷ
423 396 603 436 προσήκουσαι
619 397 688 435 μόνῳ
703 396 836 436 παρέχειν.

154 631 226 670 Ἐγὼ
243 632 289 670 μὲν
309 628 351 661 οὖν
363 632 410 668 τὴν
424 632 508 661 αἰτίαν
524 628 606 669 εἷπον,
620 634 654 662 δι’
669 633 700 669 ἣν
714 635 824 663 ἐνταῦθα
838 645 878 662 σε·

114 678 222 718 σίγηται
232 690 238 696 ·
251 678 282 707 σὺ
304 679 344 715 δὲ,
360 681 383 707 εἷ
398 678 435 717 μὴ
449 682 524 707 τοῦτο
537 679 617 715 ἔστιν,
633 679 690 709 εἰπὲ
706 679 748 709 διὰ
763 680 788 708 τί
803 681 828 708 ἓν
841 681 879 718 τῷ

115 724 279 763 βαπτίσματι
299 725 479 755 συντάττεται.
500 725 571 754 Ἀλλ’
592 728 639 755 οὐκ
654 726 684 755 ἂν
704 727 774 765 ἔχοις
788 726 878 765 ἑτέραν

115 771 200 799 αἰτίαν
224 773 323 806 εἰπεῖν,
347 773 364 806 ἢ
386 773 429 807 τὸ,
457 772 582 811 ὁμότιμον
612 772 675 802 αὗτὸ
697 768 770 802 εἶναι.
792 772 879 803 ”Οταν

112 820 173 855 γοῦν
200 818 331 856 μηδεμίαν
362 817 409 857 ἔχῃ
436 818 558 854 τοιαύτην
584 820 718 857 ἀνάγκην,
746 820 794 858 ὅρα
823 822 879 854 πῶς

112 864 176 893 αὐτὸ
198 864 335 893 συντάττει
355 864 423 893 οὕτω
442 864 542 903 λέγων·
563 864 597 894 Ἡ
613 865 690 904 χάρις
712 869 758 894 τοῦ
781 866 877 904 Κυρίου

112 911 188 948 ἡμῶν
206 911 294 945 Ἰησοῦ
310 911 426 951 Χριστοῦ
433 933 441 946 ,
463 911 507 939 καὶ
527 913 543 946 ἡ
567 911 657 949 ἀγάπη
680 913 725 939 τοῦ
745 913 814 941 Θεοῦ
834 912 879 940 καὶ

112 957 231 996 Πατρὸς,
247 956 292 985 καὶ
305 959 322 992 ἡ
343 956 466 985 κοινωνία
489 959 534 985 τοῦ
556 957 628 994 ἁγίου
641 957 796 995 Πνεύματος
811 958 878 996 μετὰ

803 148 849 171 ΑΒ
874 148 949 171 COR.

979 149 1096 172 nomi..
1124 150 1184 172 xx.
1601 138 1667 172 205

930 210 1085 240 auditorum
1104 211 1256 240 infirmitati
1278 218 1447 251 parcentem,
1470 211 1520 241 hoe
1541 211 1670 251 arguendi

931 257 1012 286 modo
1025 268 1104 286 usum
1117 268 1172 287 esse
1181 280 1189 295 ,
1200 257 1311 297 ideoque
1324 258 1457 298 Spiritum
1470 269 1522 287 non
1540 269 1671 288 memora-

930 303 1009 332 visse.
1025 304 1094 332 Nam
1111 305 1134 333 si
1150 304 1201 333 hoc
1214 314 1268 333 nou
1283 311 1360 342 esset,
1374 315 1422 333 nec
1432 305 1498 334 alibi
1511 305 1672 345 oportuisset

930 349 1065 389 Spiritum
1083 361 1241 385 memorare,
1255 361 1340 390 neque
1359 350 1439 379 illum
1466 362 1528 380 cum
1542 352 1620 380 Patre
1646 358 1672 381 ct

896 401 914 424 D
931 395 1002 425 Filio
1022 397 1190 436 conjungere.
1206 397 1276 426 Nam
1299 397 1321 426 si
1348 398 1454 426 apatre
1475 404 1501 426 et
1513 397 1582 426 Filio
1605 405 1671 427 esset

931 442 1064 479 exclusus,
1079 443 1166 472 multo
1192 443 1278 483 magis
1300 443 1380 472 illum
1401 444 1430 472 iu
1451 443 1584 483 baptismo
1611 455 1673 473 cum

931 489 997 528 ipsis
1010 490 1172 530 conjungere
1185 500 1236 518 non
1251 490 1423 529 oportuisset,
1436 489 1484 518 uhi
1498 491 1616 519 maxime
1632 490 1673 519 di-

932 535 1051 565 vinitatis
1078 535 1196 575 dignitas
1219 543 1348 576 apparet,
1361 543 1387 566 et
1407 536 1479 566 dona
1497 536 1596 565 dantur
1613 547 1673 575 quae

931 583 988 612 Deo
999 583 1049 612 soli
1061 583 1124 613 dare
1135 585 1271 624 competit.

972 630 1001 660 k.
1012 630 1070 669 Ego
1084 631 1166 670 igitur
1182 641 1289 660 causam
1300 630 1369 668 dixi,
1381 631 1478 660 curhic
1489 631 1595 661 silentio
1607 643 1673 671 prm-

932 677 1071 706 termissus
1087 677 1136 706 sit:
1157 685 1187 706 tu
1209 688 1284 711 vero,
1298 678 1321 706 si
1342 688 1383 706 res
1398 689 1452 707 non
1472 678 1509 707 ita
1528 689 1556 707 se
1569 678 1650 707 habet
1662 701 1671 714 ‚

933 722 977 752 dic
989 734 1038 752 cur
1057 724 1085 752 iu
1099 723 1232 764 baptismo
1252 724 1433 764 conjungitur.
1451 724 1505 754 Sed
1519 735 1571 754 uon
1592 725 1674 754 aliam

932 769 1018 808 possis
1042 780 1151 798 causam
1161 769 1260 804 (licere,
1276 781 1358 808 quam
1373 771 1447 808 quod
1456 771 1491 799 sit
1501 771 1602 800 honore
1613 782 1672 812 par.

934 816 1003 844 Cum
1022 826 1085 855 ergo
1099 816 1202 844 nullam
1212 817 1293 846 tatem
1307 816 1387 845 habet
1401 817 1592 853 necessitatem,
1610 818 1675 848 vide

932 863 1068 900 quomodo
1090 863 1179 903 ipsum
1200 864 1355 903 conjungit,
1369 864 1407 893 ita
1425 863 1515 893 dicens
1537 877 1542 892 :
1568 866 1674 895 Gratia

933 911 1056 938 Domini
1078 912 1169 938 nostri
1189 911 1260 939 Jesu
1276 911 1395 945 Christi,
1411 918 1438 940 et
1453 914 1562 941 caricas
1575 914 1633 942 Dei
1647 921 1674 943 et

932 957 1044 991 Patris,
1056 962 1084 984 et
1091 957 1444 995 comrnunicaeiospirims
1457 960 1599 987 sanctisit
1610 970 1674 989 cum

1684 876 1697 891 α
1721 870 1775 891 cor.
1789 870 1823 892 13.

1687 902 1723 923 ιδ.

112 1002 216 1032 πάντων
241 1005 315 1041 ὑμῶν
333 1015 339 1020 ·
369 1002 413 1031 καὶ
441 1002 539 1037 πάλιν,
568 1003 716 1042 Διαιρέσεις
744 1004 770 1032 δὲ
795 1016 877 1043 χαρι-

112 1049 219 1087 σμάτων
243 1049 310 1085 εἰσὶ,
333 1048 363 1077 τὸ
385 1048 412 1077 δὲ
431 1048 494 1077 αὐτὸ
518 1049 630 1087 Πνεῦμα
645 1061 652 1067 ·
671 1049 716 1077 καὶ
738 1050 876 1088 διαιρέσεις
894 1057 912 1080 Ε,
930 1058 996 1076 rum
1010 1054 1096 1083 sunt,
1118 1049 1194 1076 idem
1213 1055 1310 1077 autem
1321 1049 1466 1088 Spiritus5
1479 1057 1507 1078 et
1518 1051 1674 1082 divisiones

932 1004 1066 1031 omnibus
1082 1004 1186 1037 vobis;
1203 1009 1227 1031 et
1241 1013 1364 1040 rursum,
1380 1004 1547 1033 Divisiones
1564 1009 1707 1049 gratia-1·
1724 1008 1822 1045 Ces-¹²·

1684 1046 1764 1071 q.—t›.

112 1096 247 1124 διακονιῶν
271 1097 345 1130 εἰσιν,
368 1097 382 1124 ὁ
402 1095 428 1123 δὲ
451 1095 525 1128 αὐτὸς
549 1094 659 1134 Κύριος·
681 1095 726 1124 καὶ
739 1096 877 1136 διαιρέσεις

111 1141 296 1180 ἐνεργημάτων
312 1141 385 1178 εἰσὶν,
401 1143 414 1170 ὁ
426 1141 453 1170 δὲ
468 1141 544 1173 αὐτὸς
555 1142 633 1174 Θεός.
652 1141 721 1170 Ἀλλ’
731 1142 821 1178 ἐπειδὴ
832 1146 875 1172 νῦν

112 1188 176 1227 πρὸς
188 1186 324 1223 Ἕλληνας
337 1189 350 1216 ὁ
361 1187 436 1226 λόγος
447 1183 478 1222 ἦν
492 1188 562 1227 αὐτῷ
577 1186 691 1221 καὶτοὺς
702 1187 729 1221 ἐξ
739 1187 875 1223 Ἑλλήνων

111 1234 309 1274 ἀσθενεστέρους
319 1257 326 1271 ,
342 1234 384 1263 διὰ
399 1237 476 1262 τοῦτο
490 1233 643 1272 ταμιεύεται
657 1235 721 1268 τέως
733 1247 739 1252 ·
754 1234 818 1274 ὅπερ
832 1230 876 1264 οἷν

111 1280 157 1310 καὶ
172 1283 196 1310 οἱ
209 1283 342 1320 προφῆται
357 1283 474 1309 ποιοῦσιν
489 1280 532 1309 ἐπὶ
545 1284 590 1309 τοῦ
604 1281 678 1317 riou,
693 1282 808 1319 οὐδαμοῦ
823 1293 875 1310 σα-

109 1329 163 1366 φῶς
176 1328 254 1356 αὐτοῦ
265 1326 426 1365 μεμνημένοι
437 1325 481 1355 διὰ
495 1325 541 1361 τὴν
553 1326 686 1355 ἀσθένειαν
700 1329 753 1356 τῶν
765 1327 871 1357 ἀκουόν-

107 1385 169 1402 των.
196 1373 264 1402 Ἀλλ’
280 1375 326 1402 οὐκ
338 1375 363 1402 ἐν
379 1378 459 1402 πᾶσιν
470 1375 486 1408 ἡ
502 1374 606 1411 γνῶσις,
622 1373 694 1413 φησί.
710 1373 781 1403 Ποία
793 1374 875 1411 αὕτη,

930 1095 1181 1123 ministrationum
1189 1100 1269 1130 sunt,
1285 1095 1360 1123 idem
1367 1101 1465 1123 autem
1474 1096 1619 1126 Dominus
1627 1111 1636 1130 ‚-
1646 1105 1675 1128 et

929 1140 1086 1170 divisiones
1094 1142 1296 1180 operationum
1304 1147 1383 1176 sunt,
1393 1142 1470 1170 idem
1477 1149 1575 1172 autem
1583 1145 1674 1175 Deus.

929 1187 983 1218 Sed
997 1188 1059 1226 quia
1071 1199 1141 1217 nunc
1153 1187 1281 1217 adversus
1294 1189 1403 1218 Graecos
1417 1200 1503 1219 sermo
1515 1199 1580 1230 erat,
1592 1200 1618 1221 et
1631 1205 1675 1223 eos

928 1235 975 1274 qui
993 1235 1095 1264 Graecis
1114 1235 1304 1264 imbecilliores
1322 1243 1408 1273 erant7
1426 1244 1565 1276 propterea
1585 1239 1614 1268 id
1633 1240 1674 1269 iu-

928 1284 1006 1312 terim
1015 1289 1167 1311 reservatur
1175 1289 1200 1311 et
1208 1289 1318 1312 tacetur.
1327 1283 1359 1311 Id
1366 1283 1442 1322 quod
1449 1284 1530 1313 etiam
1538 1287 1674 1327 prophetae

927 1329 1028 1363 faciunt
1041 1328 1075 1358 de
1090 1329 1176 1366 Filio,
1190 1339 1270 1367 quem
1290 1340 1423 1368 nusquam
1435 1337 1524 1369 aperte
1538 1333 1676 1363 nominant

928 1376 963 1405 ob
971 1375 1125 1405 auditorum
1136 1375 1356 1405 imbecillitatem.
1369 1379 1396 1406 7.
1407 1378 1464 1408 Sed
1475 1390 1533 1408 non
1543 1381 1574 1407 in
1583 1383 1675 1409 omni-

106 1423 124 1455 ἡ
144 1419 204 1459 περὶ
216 1422 261 1448 τοῦ
274 1421 354 1456 Θεοῦ,
366 1419 383 1454 ἢ
397 1422 412 1455 ἠ
427 1419 488 1458 περὶ
501 1421 553 1448 τῶν
568 1417 807 1456 εἷδω).οθύτων;“Η
823 1419 874 1460 γὰρ
883 1447 919 1466 174
929 1424 980 1452 bus
994 1429 1037 1451 est
1053 1423 1192 1459 scientia,
1211 1422 1309 1461 inquit.
1332 1425 1463 1460 Qucenam
1483 1426 1553 1455 illa?
1572 1437 1606 1456 an
1622 1438 1652 1456 ea
1665 1451 1672 1463 ‚

106 1466 165 1499 τοὺς
179 1466 312 1501 Ἕλληνας
327 1465 470 1495 αἰνίττεται
484 1467 608 1502 ἐνταῦθα,
629 1465 687 1499 τοὺς
700 1466 812 1500 πολλοὺς
830 1467 876 1495 λέ-
891 1475 911 1497 Α
927 1479 988 1507 quae
1003 1475 1041 1497 est
1057 1468 1091 1497 de
1104 1469 1173 1504 Deo,
1188 1479 1222 1497 an
1233 1479 1273 1506 ea,
1291 1480 1350 1508 quae
1365 1470 1399 1499 de
1409 1471 1441 1500 iis
1460 1483 1520 1510 quze
1537 1473 1674 1503 immolata

107 1525 201 1552 γοντας
220 1512 291 1546 θεοὺς
311 1513 357 1542 καὶ
373 1512 488 1552 κυρίους,
512 1512 558 1541 καὶ
578 1513 624 1541 οὐκ
639 1512 740 1545 εἰδότας
752 1512 796 1541 τὸν
810 1513 873 1542 ὄντα

135 1559 192 1587 εόν·
216 1560 234 1594 ἢ
255 1559 313 1592 τοὺς
332 1558 358 1592 ἐξ
377 1558 514 1594 κΕλλήνων
529 1559 728 1596 ἀσθενεστέρους
742 1558 795 1593 ἔτι,
815 1559 875 1592 τοὺς

107 1605 209 1634 οὐδέπω
223 1608 313 1645 σαφῶς
325 1605 434 1640 εἰδότας,
446 1604 486 1633 ὅτι
498 1606 526 1633 οὐ
537 1604 589 1644 χρὴ
603 1605 745 1633 δεδοικέναι
755 1605 789 1633 τὰ
800 1605 874 1634 εἴδω-

107 1651 151 1685 λα,
166 1650 210 1679 καὶ
222 1650 262 1679 ὅτι
277 1649 347 1678 οὐδὲν
361 1649 467 1678 εἴδωλον
480 1650 505 1677 ἐν
518 1649 619 1688 κόσμῳ.
644 1649 730 1678 Τοῦτο
744 1649 770 1678 δὲ
783 1649 873 1687 εἰπὼν,

107 1695 195 1734 ἠρέμα
213 1694 418 1735 παρεμυθήσατο
434 1693 479 1722 καὶ
491 1695 572 1732 ἐπῆρε
582 1693 695 1727 τούτους.
715 1697 728 1709 ³
739 1694 808 1723 Οὐδὲ
822 1694 873 1734 γὰρ

107 1741 194 1770 πάντα
209 1741 389 1770 καθάπτεσθαι
399 1740 467 1776 ἔδει,
486 1740 530 1768 καὶ
544 1740 660 1777 μάλιστα
675 1740 802 1778 μέλλοντα
817 1741 872 1770 πά-

107 1789 149 1818 λιν
159 1790 337 1818 καθικνεῖσθαι
349 1788 433 1816 αῧτῶν
446 1787 627 1826 σφοδρότερον.
640 1786 717 1820 Τινὲς
730 1787 756 1816 δὲ
770 1790 802 1826 τῇ
816 1800 874 1817 συν-

107 1834 206 1870 ειδήσει
225 1837 270 1864 τοῦ
288 1832 394 1862 εἰδώλου
408 1833 456 1866 ἕως
474 1833 534 1873 ἄρτι
559 1835 594 1866 ὡς
614 1832 791 1861 εἰδωλοθύτων
806 1833 876 1863 ἐσθί-

107 1892 183 1917 ουσι,
197 1881 242 1910 καὶ
259 1883 276 1916 ἡ
299 1879 445 1914 συνείδησις
463 1881 548 1908 αὖτῶν
571 1878 680 1914 ἀσθενὴς
690 1873 755 1908 οῧσα
766 1879 875 1918 μολύνε-

106 1940 160 1957 ται.
180 1926 243 1956 Ἔτι
262 1926 405 1967 τρέμουσι,
429 1925 492 1965 φησὶ
502 1948 511 1961 ,
525 1925 558 1954 τὰ
572 1925 677 1954 εἴδωλα.
700 1925 746 1962 Μὴ
761 1926 812 1965 γάρ
830 1938 874 1964 μοι

108 1974 156 2010 τὴν
166 1985 203 2002 πα
208 1977 301 2014 ροῦσαν
314 1973 390 2011 εἴπῃς
400 1972 574 2009 κατάστασιν,
587 1972 633 2001 καὶ
644 1972 685 2001 ὅτι
697 1974 727 2001 ἐκ
737 1972 874 2012 προγόνων

108 2021 156 2056 τὴν
167 2019 300 2049 εὔσέὸειαν
314 2018 391 2052 ἐδέξω
402 2031 408 2036 -
423 2018 492 2048 ἀλλὰ
506 2018 684 2058 παράπεμψον
698 2018 745 2055 τὴν
759 2019 874 2048 διάνοιαν

109 2068 146 2100 εἷς
158 2065 270 2098 ἐκείνους
283 2065 342 2099 τοὺς
353 2065 461 2105 χρόνους
473 2086 481 2099 ,
494 2065 539 2094 καὶ
551 2064 685 2102 ἐννόησον,
699 2065 758 2104 ἄρτι
769 2068 813 2095 τοῦ
826 2078 874 2101 κη-

111 2112 240 2153 ρύγματος
259 2111 450 2150 καθισταμένου
463 2134 471 2148 ,
495 2111 540 2140 καὶ
554 2113 601 2146 τῆς
619 2111 740 2145 ἀσεὲείας
753 2112 791 2141 ἔτι
807 2124 874 2152 κρα-

109 2158 203 2194 τούσης
213 2180 221 2194 ,
241 2158 286 2187 καὶ
308 2159 404 2197 βωμῶν
416 2157 562 2196 καιομένων
573 2158 618 2187 καὶ
629 2160 724 2188 θυσιῶν
736 2159 782 2188 καὶ
793 2171 875 2189 σπον-

109 2205 160 2234 δῶν
174 2204 348 2243 τελουμένων,
369 2204 413 2233 καὶ
425 2206 477 2233 τῶν
492 2203 618 2234 πλειόνων
633 2205 768 2241 Ἑλλήνιον
781 2206 873 2241 ὄντων,

108 2251 168 2285 τοὺς
191 2253 221 2280 ἐκ
241 2251 374 2290 προγόνων
399 2250 596 2289 διαδεξαμένους
617 2251 665 2287 τὴν
679 2252 811 2288 ἀσέὸειαν,
828 2253 873 2281 καὶ

107 2297 230 2337 πατέρων
246 2297 291 2326 καὶ
305 2297 420 2326 πάππων
432 2297 477 2326 καὶ
489 2297 651 2327 ἐπιπάππων
663 2298 787 2328 τοιούτων
799 2299 872 2333 ὄντας

107 2343 228 2383 ἐκγόνους
240 2367 249 2379 ,
274 2343 319 2372 καὶ
338 2343 424 2372 πολλὰ
439 2343 512 2383 παρὰ
533 2345 584 2372 τῶν
599 2344 728 2382 δαιμόνων
742 2344 873 2378 παθόντας

107 2393 178 2423 κακὰ
187 2417 195 2430 ,
210 2393 300 2434 ἀθρόον
316 2393 494 2432 μεταστάντας
506 2417 514 2428 ,
528 2396 584 2427 πῶς
596 2395 664 2428 εἰκὸς
674 2391 705 2431 ἧν
717 2396 871 2425 διακεῖσθαι’

108 2447 164 2479 πῶς
179 2444 205 2475 δὲ
221 2444 362 2474 δεδοικέναι
375 2445 420 2474 καὶ
433 2444 540 2483 τρέμειν
555 2445 602 2479 τὰς
611 2448 663 2475 τῶν
677 2446 806 2484 δαιμόνων
818 2449 873 2476 ἐπι-

927 1521 988 1543 sunt
1004 1514 1084 1543 idolis
1094 1514 1108 1542 P
1125 1516 1180 1543 Aut
1192 1515 1303 1544 Graecos
1316 1515 1361 1544 hic
1380 1517 1549 1554 subindicat,
1563 1520 1609 1558 qui
1626 1520 1674 1549 di—

927 1561 1021 1589 cebant
1036 1560 1135 1589 multos
1153 1570 1209 1589 esse
1228 1560 1291 1589 deos
1303 1568 1329 1590 et
1337 1561 1471 1601 dominos,
1487 1575 1535 1593 nec
1553 1565 1672 1595 sciebant

927 1608 1014 1635 Deum
1029 1606 1075 1645 qui
1084 1617 1147 1635 vere
1160 1613 1200 1635 cst
1213 1617 1220 1633 ε
1232 1613 1279 1636 aut
1294 1617 1338 1636 eos
1352 1608 1398 1646 qui
1416 1609 1485 1638 inter
1496 1611 1607 1650 gentiles
1616 1613 1673 1641 im—

926 1652 1076 1681 becilliores
1088 1659 1173 1689 eraut,
1187 1652 1234 1691 qui
1251 1653 1372 1683 nondum
1387 1655 1457 1684 clare
1481 1657 1579 1686 scirent
1601 1658 1673 1688 idola

927 1709 979 1727 non
997 1709 1052 1727 esse
1067 1698 1195 1736 timenda,
1205 1704 1230 1727 et
1243 1699 1351 1728 nullum
1362 1711 1418 1729 esse
1427 1701 1532 1731 idolum
1546 1703 1575 1733 in
1595 1715 1672 1734 mun-

925 1747 970 1776 do.
983 1747 1052 1776 Cum
1072 1746 1123 1775 hoc
1135 1753 1225 1775 autem
1237 1747 1359 1784 dixisset,
1376 1749 1508 1788 paulatim
1531 1751 1593 1781 illos
1610 1764 1672 1783 con-

927 1794 1027 1822 solatus
1043 1800 1082 1822 ρει
1095 1800 1120 1822 et
1135 1793 1231 1822 erexit.
1245 1794 1336 1832 Neque
1356 1795 1428 1824 enim
1444 1797 1533 1826 omnia
1547 1798 1671 1829 insectari

927 1840 1076 1880 oportebat,
1093 1850 1154 1867 cnm
1165 1839 1282 1868 maxime
1291 1839 1352 1869 illos
1366 1851 1474 1871 rursum
1488 1843 1671 1876 vehementius

927 1894 994 1916 esset
1005 1886 1184 1926 impetiturus·
1197 1886 1322 1924 Quidam
1335 1894 1432 1917 autem
1445 1900 1511 1919 cum
1522 1895 1671 1922 conscien-

893 1937 909 1959 Β
928 1936 970 1963 tia
982 1934 1054 1962 idoli
1070 1943 1160 1972 usque
1175 1943 1252 1962 nunc
1265 1935 1351 1972 qnasi
1364 1935 1562 1973 idolothytum
1582 1950 1669 1968 man·

927 1981 1038 2009 ducant
1052 1991 1060 2006 :
1076 1986 1104 2008 et
1114 1981 1294 2008 conscientia
1300 1989 1399 2009 eorum
1407 1992 1472 2010 cum
1488 1985 1527 2012 sic
1535 1986 1666 2025 infirma,

926 2026 1078 2066 polluitur.
1088 2024 1184 2054 Adhuc
1197 2031 1324 2063 tremunt,
1334 2026 1431 2065 inquit,
1441 2035 1467 2058 et
1474 2037 1597 2060 metuunt
1608 2031 1667 2061 ido-

927 2074 962 2103 la.
977 2074 1016 2102 Ne
1029 2072 1097 2101 mihi
1112 2072 1182 2101 enim
1198 2079 1354 2111 praesentem
1369 2085 1460 2104 rerum
1473 2082 1572 2106 statum
1586 2078 1667 2108 dixe-

928 2120 982 2157 ris,
1000 2125 1026 2148 et
1040 2117 1113 2156 quod
1125 2118 1197 2157 piam
1205 2117 1362 2157 religionem
1372 2131 1387 2149 a
1401 2122 1549 2161 majoribus
1560 2135 1669 2165 accepe-

929 2165 966 2194 ris
981 2179 988 2200 ;
1003 2164 1049 2193 sed
1062 2171 1177 2192 mentem
1188 2170 1262 2192 tuam
1278 2165 1392 2195 flausfer
1406 2166 1434 2195 in
1444 2167 1490 2197 illa
1500 2175 1628 2209 tempora,
1643 2179 1668 2200 et

929 2212 1030 2251 cogita,
1046 2222 1108 2240 cum
1127 2209 1207 2239 modo
1221 2211 1364 2240 constituta
1378 2220 1444 2242 esset
1458 2215 1628 2254 praedicatio,
1642 2225 1668 2247 et

929 2259 1051 2298 impietas
1066 2256 1155 2286 adhuc
1170 2264 1290 2295 regnaret
1302 2257 1477 2298 arderentque
1489 2271 1541 2290 arae
1550 2269 1576 2291 et
1586 2264 1667 2293 sacri-

928 2306 999 2341 ficia,
1020 2304 1147 2333 libamina
1161 2310 1359 2342 peragerentur,
1376 2312 1401 2335 et
1409 2307 1500 2346 plures
1511 2317 1596 2339 essent
1604 2321 1667 2350 gen-

928 2353 996 2389 tiles,
1022 2352 1068 2391 qui
1081 2362 1097 2380 a
1119 2350 1265 2390 majoribus
1286 2351 1448 2391 impietatem
1465 2365 1638 2396 acceperant,
1653 2370 1668 2388 a

929 2399 1058 2439 patribus,
1079 2398 1136 2427 avis
1150 2404 1175 2427 et
1189 2398 1274 2426 atavis
1288 2397 1387 2427 talibus
1409 2400 1471 2437 orti,
1487 2409 1566 2441 atque
1580 2415 1595 2433 a
1609 2404 1666 2433 dae-

929 2446 1053 2476 monibus
1069 2445 1138 2474 mala
1154 2444 1238 2473 multa
1254 2445 1322 2484 passi
1337 2453 1435 2475 essent:
1450 2447 1520 2487 illos,
1535 2450 1641 2490 inquam
1655 2475 1662 2489 ,

141 2549 150 2560 ¹·
170 2540 215 2575 [A.
228 2545 275 2568 οῤ-ἰὲ
289 2547 330 2577 γὰρ
349 2547 378 2571 εἰς
390 2546 470 2569 πάντα.
487 2542 592 2567 Alterius
605 2543 798 2569 constructionis
809 2543 946 2576 exemplum
959 2552 987 2568 ex
998 2543 1178 2575 Chrysostomo
1189 2549 1253 2565 nunc
1264 2549 1313 2565 uon
1326 2543 1468 2577 succurrit]
