1906 2866
242 174 313 207 (3431.
587 188 613 208 s.
644 188 782 209 fluxus
809 187 987 209 ‹zue-rsosr.

242 247 436 283 dclwrtawcuxr,
456 258 488 275 ne
502 247 563 286 plus
577 247 691 276 habendi
704 248 851 287 cupiditate
867 257 980 285 usquam

243 300 395 321 tenerentur
407 315 414 327 ,
425 303 472 322 nec
482 294 553 332 quod
569 294 657 322 minus
671 293 799 322 haberent
813 300 980 331 angerentur.

244 338 301 366 Hoc
316 348 386 366 nune
407 349 513 376 quoque
531 339 624 367 videre
641 345 680 367 est
695 338 721 367 in
747 339 828 367 rebus
842 338 981 372 humanis,

245 395 328 422 neque
344 385 370 413 in
393 396 488 413 manua
504 393 616 414 tantum.
632 386 700 413 Nam
716 395 777 413 eum
793 395 883 413 omnes
899 394 981 411 unum

245 438 348 459 tantum
363 439 483 460 ventrem
507 432 676 471 expleamus,
691 441 775 458 unum
795 431 858 458 vita:
874 439 981 457 cursum

244 477 415 505 conficiamus
424 499 431 513 ‚
445 484 470 505 et
485 488 537 505 uno
549 484 651 505 tantum
663 486 772 514 corpore
785 475 982 514 cooperiamur-3

244 522 311 551 nihil
327 523 444 561 profecto
460 533 507 551 nec
530 522 647 561 amplius
661 521 739 549 diviti
755 531 788 549 ex
804 531 886 559 opum
900 520 982 548 afflu-

243 568 323 601 entia,
338 578 385 596 nec
396 568 484 596 minus
500 567 610 606 pauperi
629 577 662 594 ex
677 572 791 603 egestate
802 566 923 593 futurum
936 572 982 594 est.

244 616 300 644 Cur
310 626 372 653 ergo
384 622 563 654 paupertatem
575 613 711 647 formides,
725 623 773 640 cur
783 623 845 651 opes
853 619 961 651 expetas
970 612 982 640 ,⁹

243 661 347 693 Timeo,
363 661 476 698 inquies,
494 671 525 688 ue
535 670 614 697 cogar
626 658 660 686 ad
673 658 787 686 aliorum
801 658 868 686 ostia
882 658 981 692 venire,

240 713 263 734 et
280 707 374 745 stipem
403 713 496 744 peiere.
524 705 625 734 Multos
645 704 725 731 etiam
748 704 854 732 assidue
868 703 906 731 sic
920 714 983 742 pre—

239 759 324 779 cautes
339 762 368 779 ac
383 751 499 778 dicentes
515 749 614 777 audio:
630 750 670 778 Ne
691 760 733 777 me
751 759 780 777 eo
793 749 881 787 redigi
895 749 980 783 sinas,

239 804 266 824 ut
281 797 418 824 hominum
434 796 538 824 auxilio
555 806 623 834 opus
644 795 766 823 habeam.
786 795 849 823 Haec
870 795 982 823 audiens

237 842 367 879 ingentem
393 842 476 870 risum
492 841 558 877 edo;
588 841 700 879 puerilis
721 840 854 878 siquidem
875 847 913 869 est
937 841 982 869 hic

235 894 331 915 metus.
350 887 447 915 Nullus
460 887 531 914 enim
540 887 607 920 dies,
619 886 711 923 nulla,
726 892 755 914 ut
770 886 806 914 ita
818 885 922 921 dicam,
940 896 981 914 res

236 939 292 969 est,
310 933 335 960 in
357 943 409 970 qua
431 932 478 960 alii
495 932 554 960 aliis
569 942 621 960 non
637 931 814 969 indigeamus.
829 931 923 969 Itaque
936 931 980 959 in-

243 979 402 1008 considerati
417 986 496 1017 atque
510 978 662 1016 arrogantia
681 978 808 1007 tumentis
821 977 903 1006 animi
924 978 982 1006 hzee

238 1024 319 1053 verba
334 1031 407 1060 sunt,
423 1035 470 1052 nec
487 1035 576 1052 rerum
591 1030 714 1051 naturam
736 1023 878 1062 perspicue
894 1034 979 1062 agno-

235 1070 338 1099 scentis,
348 1072 441 1098 Annon
452 1069 538 1098 cernis
546 1080 593 1098 nos
604 1079 694 1098 omnes
705 1068 819 1098 aliorum
832 1079 883 1108 ope
893 1080 981 1098 carere

236 1127 287 1146 non
306 1118 405 1156 posse?
421 1118 490 1145 Nam
516 1124 542 1145 et
568 1116 670 1145 artifice
688 1116 764 1144 miles
790 1127 857 1155 opus
876 1116 977 1152 habet,

234 1169 259 1189 et
291 1162 388 1190 artifex
423 1169 570 1191 mercatore
585 1184 593 1197 ‚
627 1169 652 1190 et
682 1169 813 1190 mereator
845 1162 961 1200 agricola
972 1185 979 1197 ‚

235 1218 330 1235 servus
346 1207 440 1243 libero,
455 1215 480 1236 et
492 1208 573 1236 herus
584 1218 671 1241 servo,
687 1214 712 1235 et
728 1218 831 1246 pauper
844 1207 942 1243 divite,
955 1215 979 1236 et

233 1252 309 1282 dives
339 1264 472 1292 paupere,
497 1260 523 1282 et
548 1254 596 1291 qui
619 1253 657 1280 nil
680 1253 768 1291 operis
782 1253 862 1288 facit,
882 1263 912 1280 eo
933 1253 979 1291 qui

234 1300 428 1339 eleemosynam
447 1301 562 1339 praebet,
577 1307 602 1328 et
614 1300 660 1338 qui
676 1299 791 1338 praebet,
807 1310 837 1328 eo
849 1299 978 1337 quiacci-

235 1346 284 1385 pit.
302 1346 409 1374 Etenim
434 1346 472 1383 is,
495 1346 541 1384 qui
567 1346 763 1384 eleemosynam
787 1345 898 1384 accipit.
922 1356 977 1373 rem

233 1392 408 1421 necessariam
434 1399 459 1420 et
473 1392 594 1420 omnium
609 1391 856 1430 praestantissimam
875 1391 975 1430 explet.

235 1437 294 1465 Nisi
312 1437 382 1465 enim
399 1448 528 1476 pauperes
543 1443 639 1473 essent,
653 1436 725 1464 salus
737 1443 826 1464 nostra
839 1447 934 1475 magna
945 1447 978 1465 ex

236 1490 310 1522 parte
332 1493 423 1511 eversa
445 1490 529 1519 esset,
557 1490 586 1510 ut
602 1483 648 1520 qui
672 1482 719 1510 ubi
742 1483 867 1520 pecunias
894 1493 980 1511 serere

236 1539 374 1568 possemus
389 1539 441 1556 non
457 1529 624 1556 haberemus
641 1528 684 1556 Ex
699 1538 752 1565 quo
769 1528 811 1564 fit,
824 1535 853 1556 ut
868 1540 979 1568 pauper,

236 1575 283 1613 qui
297 1575 419 1603 omnium
438 1575 548 1603 minime
567 1574 641 1603 utilis
658 1584 713 1602 esse
727 1573 846 1611 videtur,
859 1575 980 1603 omnium

236 1621 353 1648 maxime
375 1620 408 1649 sit
424 1620 508 1649 utilis.
523 1619 603 1655 Quod
625 1620 647 1648 si
667 1619 777 1647 alterius
798 1631 848 1658 ope
862 1621 982 1659 indigere

236 1672 315 1705 turpe
341 1672 395 1702 est,
422 1665 490 1694 nihil
508 1665 583 1693 aliud
609 1665 744 1703 reliquum
773 1672 827 1703 est,
856 1676 937 1704 quam
953 1673 982 1694 ut

238 1712 398 1740 intereamus
417 1722 422 1737 ι
442 1722 529 1749 neque
544 1711 616 1739 enim
637 1711 698 1739 sieri
716 1718 818 1749 potest,
843 1718 872 1739 ut
896 1712 981 1750 vivat,

107 1766 151 1793 Qui
168 1773 227 1785 arro·
238 1757 284 1795 qui
292 1757 344 1786 hoc
356 1757 442 1785 timet.
451 1758 498 1792 At,
510 1757 607 1795 inquis,
620 1757 719 1785 elatum
732 1757 906 1797 supercilium
916 1758 985 1786 ferre

85 1802 155 1851 31:22³
167 1796 230 1847 ‘2¹:221

85 1862 158 1884 ganies
186 1864 228 1877 non
240 1859 299 1876 sum
320 1848 448 1887 perhanc
463 1848 658 1877 accusationem
670 1849 770 1887 probro
784 1848 890 1876 afficis?
910 1858 984 1876 arro-

85 1888 168 1909 ser-uni.

239 1813 347 1840 nequeo.
359 1802 465 1841 Ecquid
474 1802 558 1830 alium
569 1803 727 1841 arrogantiae
747 1803 906 1831 insimulans
919 1803 985 1841 teip-

239 1895 325 1932 gantis
333 1894 402 1922 enim
410 1901 449 1922 est
457 1894 584 1931 hominis,
599 1894 707 1933 superbi
717 1894 799 1922 animi
810 1894 907 1922 fastum
916 1894 984 1922 ferre

238 1949 290 1968 non
302 1950 387 1978 posse.
399 1939 501 1977 Ecquid
511 1950 575 1968 vero
591 1939 658 1974 haec,
672 1950 731 1978 quae
750 1939 817 1968 nihil
828 1939 983 1968 aestimanda

237 1992 311 2023 sunt,
321 1985 434 2013 metuis?
445 1984 478 2012 ad
488 1985 543 2013 haec
553 1985 732 2014 contremiscis
740 1985 753 2013 Ξ)
761 1985 795 2014 01)
806 1985 861 2013 haec
869 1996 982 2025 pauper-

237 2038 318 2060 tatem
329 2030 486 2059 reformidas
494 2031 507 2057 ἶ)
516 2031 586 2058 Nam
599 2031 621 2058 si
632 2030 706 2059 dives
715 2031 805 2066 fucris,
817 2041 847 2059 eo
857 2031 982 2070 pluribus

239 2084 264 2105 et
274 2076 414 2106 vilioribus
429 2075 571 2114 indigebis.
585 2076 645 2110 Quo
661 2076 733 2104 enim
744 2075 777 2104 ad
796 2077 908 2114 majores
919 2087 982 2116 opes

239 2122 400 2162 perveneris,
410 2132 439 2150 eo
450 2122 535 2160 magis
546 2128 571 2149 te
581 2121 645 2149 huic
654 2121 796 2150 maledicto
805 2122 940 2161 subjicies.

278 2173 308 2200 5.
321 2172 361 2199 Ita
374 2170 441 2208 quid
454 2169 579 2210 preceri5‚
594 2169 687 2205 nescis,
701 2169 766 2197 dum
779 2180 841 2209 opes
855 2180 884 2198 eo
898 2170 978 2209 petis,

239 2224 267 2246 ut
281 2217 382 2245 nullius
396 2226 473 2255 opem
487 2214 633 2244 desideres:
643 2215 703 2243 acsi
716 2215 776 2252 quis
790 2226 862 2243 mare
874 2215 979 2254 ingres-

239 2274 294 2299 sus,
305 2263 351 2291 ubi
373 2269 398 2290 et
417 2261 505 2290 nautis
519 2268 543 2290 et
557 2271 624 2290 nave
641 2268 666 2289 et
680 2261 845 2300 amplissimo
866 2272 978 2300 appara-

238 2316 267 2337 tu
283 2319 349 2348 opus
371 2315 423 2343 est,
437 2314 499 2336 vota
521 2307 610 2341 faciat,
624 2313 654 2334 ut
677 2306 778 2334 nullius
801 2307 908 2335 omnino
925 2307 977 2335 ho-

239 2353 320 2381 minis
331 2363 410 2392 opera
425 2352 550 2390 indigeat.
561 2352 629 2380 Nam
643 2351 665 2380 si
678 2351 719 2380 vis
731 2351 805 2379 nullo
820 2351 899 2380 valde
910 2363 977 2391 opus

239 2399 352 2435 habere,
370 2404 551 2437 paupertatem
573 2404 653 2436 opta:
667 2397 702 2425 ita
727 2397 782 2435 fiet,
804 2404 832 2425 ut
847 2398 869 2425 si
884 2399 977 2437 cujus—

271 2507 279 2516 ‘
298 2499 342 2529 [A-
360 2502 369 2523 ὲ
384 2497 466 2531 λς’-μς]

271 2546 279 2554 -·
297 2536 371 2561 Saril.
388 2538 411 2561 ui
424 2545 500 2568 marg.
516 2543 609 2569 νόημα.
621 2537 713 2568 [Paulo
729 2544 787 2563 aute
801 2539 830 2563 Α.
843 2542 988 2570 diagoni-2512,

989 2145 1024 2163 562

1025 188 1172 210 luctui-tv.
1203 189 1470 211 (toxs‘mxrxxor‘.

1032 248 1074 276 ναί
1085 260 1156 277 ποτε.
1172 249 1225 277 Καὶ
1240 249 1340 288 σφόδρα
1354 251 1423 287 γελῶ
1437 253 1520 278 ταῦτα
1539 249 1640 278 ἀκούων
1653 261 1659 267 ·
1681 250 1725 278 καὶ
1747 251 1798 292 γὰρ

1033 294 1152 325 παιδικὸς
1168 296 1200 321 ‘6
1216 294 1301 332 φόὸος.
1319 296 1383 322 Καθ’
1397 294 1509 329 ἑκάστην
1521 294 1572 334 γὰρ
1586 295 1698 335 ἡμέραν,
1712 296 1757 324 καὶ
1770 297 1798 324 ἐν

1034 338 1140 372 ἅπασιν,
1155 341 1190 370 ὡς
1205 340 1298 373 εἰπεῖν,
1314 341 1339 368 ἐν
1352 340 1430 378 χρείᾳ
1453 340 1574 375 ἀλλήλων
1589 341 1799 378 καθεστήκαμεν.

1033 383 1115 412 Ὕλα-τε
1133 385 1325 422 ἀπερισκέπτου
1338 388 1424 425 ψυχῆς
1445 387 1488 415 καὶ
1510 387 1710 425 πεφυσιωμένης
1723 386 1800 414 ταυτὶ

1034 429 1066 456 τὰ
1090 429 1212 468 ῥήματα,
1229 431 1273 459 καὶ
1287 433 1315 460 οὐ
1331 432 1553 470 διαγινωσκούσης
1569 434 1657 471 σαφῶς
1678 431 1725 467 τὴν
1746 434 1799 460 τῶν

1034 475 1198 513 πραγμάτων
1215 475 1300 514 φύσιν.
1315 478 1377 516 Οὐχ
1399 480 1476 516 ὁρᾷς,
1497 477 1537 506 ὅτι
1557 477 1655 510 πάντες
1677 477 1800 512 ἀλλήλων

1033 519 1178 558 χρῄζομεν;
1194 523 1207 549 6
1222 521 1386 559 στρατιώτης
1406 526 1451 551 τοῦ
1475 522 1658 562 χειροτέχνου,
1680 525 1693 551 6
1712 534 1799 562 χειρο-

1034 565 1128 604 τέχνης
1140 569 1184 594 τοῦ
1196 567 1312 605 ἐμπόρου
1322 589 1329 601 ,
1341 570 1354 595 6
1364 567 1477 606 ἔμπορος
1489 572 1534 596 τοῦ
1544 571 1659 607 γεωργοῦ
1669 591 1676 603 ,
1687 570 1700 596 6
1712 569 1801 600 δοῦλος

1034 615 1078 640 τοῦ
1100 611 1250 649 ἐλευθέρου,
1266 615 1279 641 6
1301 613 1428 647 δεσπότης
1442 617 1487 641 τοῦ
1509 613 1615 649 δούλου,
1628 616 1641 642 6
1656 613 1737 648 πένης
1754 615 1801 641 τοῦ

1034 657 1158 685 πλουσίου
1169 680 1175 692 ,
1191 659 1204 685 6
1218 658 1342 690 πλούσιος
1360 662 1405 687 τοῧ
1417 658 1528 693 πένητος
1539 681 1545 693 ,
1565 661 1577 686 6
1593 659 1673 696 μηδὲν
1689 658 1800 698 ἐργαζό-

1035 712 1110 739 μενος
1123 706 1168 731 τοῧ
1182 703 1294 736 διδόντος
1308 703 1496 741 ἐλεημοσύνην,
1508 707 1521 732 6
1535 703 1660 742 παρέχων
1674 706 1719 732 τοῦ
1731 704 1800 740 λαμ-

1035 748 1169 781 §drawa-03·
1183 749 1227 776 καὶ
1243 748 1294 788 γὰρ
1315 751 1329 777 6
1349 749 1492 786 λαμὲάνων
1515 748 1703 787 ἐλεημοσύνην,
1724 748 1801 787 μεγί-

1034 805 1098 828 στην
1113 794 1204 833 χρείαν
1215 796 1326 832 πληροῖ,
1338 794 1383 822 καὶ
1395 794 1501 823 πάντων
1521 795 1635 833 μείζονα.
1646 795 1681 823 Εἰ
1699 793 1750 833 γὰρ
1764 793 1800 832 μὴ

1032 839 1143 874 πένητες
1156 835 1235 874 ἦσαν,
1252 840 1281 868 τὸ
1296 839 1375 868 πλέον
1391 839 1422 868 ἂν
1444 840 1579 878 ἀνετράπη
1601 842 1648 875 τ’ἧς
1670 839 1802 878 ἡμετέρας

1033 885 1182 924 σωτηρίας,
1204 886 1250 914 οὐκ
1274 886 1387 924 ἐχόντων
1415 888 1464 914 ποῦ
1487 886 1648 914 καταὲαλεῖν
1672 885 1706 913 τὰ
1729 883 1801 923 χρή-

1034 942 1114 968 ματα.
1125 930 1210 959 “stc-»s
1225 931 1270 959 καὶ
1284 934 1297 959 6
1310 932 1393 960 δοκῶν
1409 931 1531 960 ἁπάντων
1553 929 1745 970 ἀχρηστότερος
1759 924 1802 958 εἷ-

1032 989 1075 1005 ναι
1086 977 1182 1012 πένης,
1196 973 1269 1008 οἶτος
1286 977 1410 1006 ἁπάντων
1425 978 1480 1005 ἐστὶ
1499 976 1708 1016 χρησιμώτερος.
1725 976 1759 1004 Εἰ
1774 974 1801 1003 δὲ

1032 1022 1062 1050 τὸ
1078 1022 1164 1061 ἑτέρου
1181 1024 1296 1057 δεῖσθαι,
1313 1023 1432 1061 αἰσχρὸν,
1455 1025 1596 1051 ἀποθανεῖν
1615 1021 1749 1050 λείπεται·
1770 1021 1801 1048 οὖ

1005 1076 1009 1081 “
1032 1069 1082 1107 γὰρ
1094 1068 1131 1097 ἔνι
1144 1070 1221 1103 ζῆσαι
1235 1071 1312 1096 τοῦτο
1324 1068 1468 1096 δεδοικότα.
1484 1067 1553 1096 Ἀλλ’
1565 1068 1593 1095 οὗ
1606 1066 1736 1104 δύναμαι,
1750 1077 1801 1104 φη-

1033 1114 1083 1149 σὶν,
1099 1116 1210 1153 ἐνεγκεῖν
1223 1116 1301 1153 ὀφρῦν
1317 1112 1529 1150 ἀνεσπασμένην.
1542 1113 1578 1141 Τί
1592 1112 1671 1141 ἄλλον
1689 1111 1801 1140 διαῧάλ-

1031 1161 1083 1188 λων
1097 1162 1138 1188 ἐπ’
1153 1159 1289 1197 ἀλαζονείᾳ
1299 1181 1306 1193 ,
1319 1159 1412 1187 σαυτὸν
1430 1158 1615 1197 καταισήύνεις
1629 1160 1660 1196 τῇ
1684 1168 1800 1195 κατηγο-

1033 1206 1074 1245 ρίᾳ
1089 1205 1188 1244 ταύτῃ;
1203 1205 1247 1233 καὶ
1261 1205 1311 1243 γὰρ
1334 1204 1487 1236 ἀλαζονικὸν
1508 1204 1538 1232 τὸ
1561 1203 1597 1242 μὴ
1614 1203 1701 1243 φέρειν
1715 1205 1798 1242 ὓπερ-

1031 1252 1130 1290 ηφάνου
1142 1253 1228 1289 ψυχῆς
1239 1255 1249 1266 ³
1258 1250 1375 1289 φύσημα.
1386 1249 1422 1278 Τί
1437 1249 1464 1278 δὲ
1476 1249 1510 1278 τὰ
1523 1249 1633 1287 μηδενὸς
1643 1249 1706 1277 ὄντα
1719 1248 1799 1287 λόγου

1032 1297 1091 1328 ἄξια
1107 1300 1189 1325 ταῦτα
1204 1296 1337 1330 δέδοικας,
1352 1298 1435 1323 ταῦτα
1457 1295 1578 1335 τρέμεις,
1593 1294 1638 1323 καὶ
1659 1293 1703 1322 διὰ
1715 1296 1801 1322 ταῦτα

1031 1342 1078 1377 τὴν
1090 1342 1181 1370 πενίαν
1196 1341 1326 1380 φρίττεις;
1341 1341 1395 1369 Κᾶν
1409 1341 1461 1380 γὰρ
1475 1340 1597 1373 πλούσιος
1607 1335 1638 1379 ᾖς
1648 1362 1656 1373 .
1669 1341 1696 1368 ἐν
1707 1339 1800 1368 πλειό-

1031 1400 1080 1416 νων
1092 1387 1246 1425 καταστήσῃ
1266 1386 1360 1425 χρείᾳ,
1377 1386 1422 1415 καὶ
1434 1386 1562 1414 πλειόνων
1584 1386 1630 1414 καὶ
1652 1384 1799 1414 εὐτελεστέ-

1032 1445 1091 1473 ρων.
1106 1433 1183 1472 ϋΟσῳ
1197 1433 1248 1471 γὰρ
1260 1432 1289 1460 ἂν
1306 1434 1437 1470 πλουτῇς,
1447 1434 1570 1460 τοσοῦτον
1590 1434 1623 1470 τῇ
1647 1432 1699 1470 ἀρᾷ
1712 1429 1798 1469 ταύτῃ

1032 1479 1126 1508 σαυτὸν
1137 1479 1304 1511 ὓποῧάλλεις.

1074 2172 1165 2205 Οὕτως
1180 2174 1281 2211 ἀγνοεῖς
1302 2173 1367 2212 ὅπερ
1393 2173 1458 2213 εὔχῃ
1467 2196 1474 2210 ,
1497 2173 1624 2214 χρήματα
1645 2173 1691 2214 μὲν
1717 2176 1798 2204 αἷτῶν

1032 2217 1097 2257 ὑπὲρ
1113 2221 1158 2247 τοῦ
1172 2219 1281 2256 μηδενὸς
1293 2220 1408 2248 δεῖσθαι·
1419 2219 1509 2260 ὥσπερ
1525 2219 1555 2248 ἂν
1572 2220 1647 2253 εἴτις
1663 2223 1699 2253 εἷς
1713 2221 1799 2250 πέλα-

1031 2274 1075 2301 γος
1091 2263 1182 2299 ἐλθὼν,
1197 2264 1258 2292 ἔνθα
1271 2264 1316 2293 καὶ
1330 2266 1431 2293 ναυτῶν
1450 2265 1496 2293 καὶ
1517 2265 1609 2294 πλοίου
1635 2266 1680 2294 καὶ
1705 2266 1799 2305 μυρίας

1030 2309 1107 2348 χρεία
1123 2313 1301 2345 memma-Eg,
1314 2311 1418 2349 εὔχοιτο
1428 2311 1537 2348 μηδενὸς
1550 2310 1616 2343 ὅλως
1630 2312 1656 2340 ἐν
1671 2310 1749 2351 χρεία
1757 2323 1798 2349 γε·

1031 2355 1132 2383 vio-022.
1143 2356 1175 2383 Εἴ
1187 2355 1237 2393 γὰρ
1254 2355 1340 2394 βούλει
1355 2356 1465 2393 μηδενὸς
1476 2355 1577 2394 σφόδρα
1593 2357 1693 2384 δεῖσθαι
1703 2377 1710 2390 ,
1720 2356 1798 2395 εὔχου

1031 2399 1121 2429 πενίαν
1130 2412 1136 2418 ·
1147 2399 1228 2436 πένης
1239 2400 1285 2438 μὲν
1296 2400 1346 2439 γὰρ
1361 2400 1408 2438 ὢν,
1415 2400 1464 2429 κᾶν
1475 2411 1543 2433 τινος
1554 2401 1647 2440 δεηθῇς
1656 2423 1664 2438 ,
1676 2400 1741 2441 ὑπὲρ
1752 2401 1799 2440 ἄρ-

1043 2507 1067 2526 θῑ
1081 2501 1143 2526 infra
1156 2506 1192 2528 καὶ
1205 2506 1245 2530 τὴν
1257 2506 1332 2528 πενίαν
1342 2501 1393 2535 φρ]
