1891 2866
244 191 313 231 2213
583 200 610 223 s.

241 261 396 295 tensionem,
414 261 436 289 si
451 260 621 290 ostendamus
634 272 680 291 nos
696 269 827 302 praecepta
852 269 920 291 iecte
931 273 976 291 cx-

639 200 778 224 soANNJs
804 201 984 224 cuRYSOS'r.

1011 202 1151 226 ARCfflEP
1158 219 1164 225 .
1193 204 1319 227 CONSTA
1326 205 1377 227 NTl
1384 205 1460 228 NOP.

1033 258 1069 292 div
1081 264 1180 303 γένοιτο
1190 265 1289 298 πάντας
1303 268 1398 304 ἡμᾶς’
1387 271 1528 306 emtoyeiv,
1541 267 1630 306 χάριτι
1644 267 1688 296 καὶ
1708 270 1796 307 φιλοιν-

243 313 367 344 scquutos
380 317 448 343 csse;
469 307 625 346 nullamque
637 318 693 337 esse
705 308 796 338 aliam
809 309 837 337 Si
854 308 921 337 hanc
932 319 979 337 ex·
997 318 1016 341 ι)
1035 310 1137 350 Ορωπια
1153 313 1197 339 τοῦ
1208 311 1333 350 Kuptou‘
1321 314 1396 349 ημῶν
1409 311 1495 346 Ἰησοῦ
1509 313 1638 350 Χριστοῦ,
1651 315 1708 351 μεθ’
1719 317 1748 342 οὗ
1760 317 1797 354 τῷ

244 352 335 381 hibcze
345 353 487 392 possimus,
499 354 678 383 intolerabiles
691 355 751 383 illos
764 355 890 394 geliennae
904 355 979 384 dolo-

242 408 283 426 rcs
311 399 481 437 effugiemus,
509 406 534 428 et
558 401 648 429 sutura
665 411 856 439 consequemur
883 401 951 431 bona
972 413 978 428 e

241 455 300 482 quae
316 455 362 473 nos
374 456 463 474 omncs
477 445 590 485 adipisci
605 447 751 485 contingat,
767 447 851 485 gratia
866 454 891 476 et
905 448 978 476 beni-

242 491 341 529 gnitate
354 492 463 521 Domini
476 493 558 522 nostri
578 494 640 523 Jesu
659 493 769 531 Christi,
782 494 891 532 quicum
907 495 978 523 Pau-i

242 547 346 576 unaque
359 538 472 577 Spiritui
486 546 576 567 sancto
590 539 685 578 gloria,
702 539 856 578 imperium,
882 540 977 577 honor,

243 594 312 613 nunc
322 591 346 613 et
357 595 468 624 semper,
483 591 507 613 ct
520 585 546 614 in
559 585 654 614 saecula
668 585 834 614 saeculorum.
851 588 946 614 Amen.

1035 356 1122 394 Πατρι
1134 356 1190 394 ἅμα
1210 369 1248 385 τι)
1265 358 1332 397 ἁγίι)
1350 357 1487 396 Πνεύματι
1501 358 1542 386 δόῖ
1532 370 1576 393 ;,α
1590 359 1700 398 κράτος,
1717 361 1780 399 τιμαὶΙ
1791 384 1798 395 ,

1034 404 1077 430 νῦν
1093 403 1137 431 καὶ
1157 403 1214 439 ἀεὶ,
1232 404 1275 432 καὶ
1291 406 1326 437 εἰς
1337 403 1394 437 τοὺς
1409 405 1504 438 αἰῶνας
1519 407 1570 434 τῶν
1584 405 1692 435 αἰώνων.
1708 406 1797 445 Ἀμήν.

458 779 618 809 HOMILIA
639 779 732 809 XXII.

241 873 310 902 Cap,
329 871 377 900 lx.
391 883 418 900 v.
437 872 481 900 15.
502 873 628 902 Nescitis
653 874 732 913 quod
744 876 795 914 qui
816 885 902 904 sacra
918 886 982 914 ope-

280 925 393 953 rantur,
410 930 445 947 ε.τ
463 921 593 947 sacrario
607 922 734 949 vivunt?
752 923 803 960 qui
825 922 917 950 altari
937 923 983 950 de-

280 967 421 1001 serviunt,
431 975 494 993 cum
505 965 596 993 altari
604 967 783 1005 participant
792 970 804 994 Ρ
827 969 872 995 1-4.
892 969 940 996 Ita
954 975 982 996 et

281 1013 424 1041 Dominus
440 1013 587 1041 ordinavit
597 1015 644 1049 iis,
660 1016 711 1053 qui
728 1015 911 1054 evangelium
923 1026 980 1044 an-

281 1061 431 1095 nuntiant,
444 1060 480 1087 cle
494 1060 646 1097 evangelio
661 1061 772 1089 vivere.

280 1155 308 1181 1.
332 1153 451 1181 Multum
471 1159 547 1181 curat
565 1153 701 1182 ostendere
717 1164 769 1182 non
790 1164 846 1182 esse
865 1155 982 1184 vetitum

242 1197 370 1236 accipere.
381 1197 496 1235 Ideoque
505 1208 565 1226 cum
581 1204 619 1226 tot
631 1204 755 1236 tantaque
768 1205 845 1227 antea
858 1198 981 1236 dixisset,

241 1253 293 1271 non
313 1243 376 1271 satis
395 1243 499 1277 habuit,
519 1243 566 1271 sed
589 1243 668 1271 etiam
685 1243 720 1272 ad
736 1244 821 1283 legem
848 1245 979 1283 procedit,

241 1288 361 1327 praebens
387 1288 542 1327 exemplum
568 1289 652 1327 priori
680 1290 890 1318 convenientius.
922 1291 982 1319 Non

240 1334 312 1363 enim
326 1345 374 1374 par
387 1345 428 1363 res
443 1341 499 1362 erat
523 1334 606 1363 boves
618 1335 645 1363 in
662 1335 781 1364 medium
795 1335 939 1371 adducere,
958 1344 984 1366 et

241 1382 326 1421 legem
341 1381 375 1410 de
385 1380 567 1410 sacerdotibus
591 1381 690 1410 diserte
703 1382 784 1410 latam
798 1383 900 1412 afferre.
921 1385 983 1412 Per-

239 1427 324 1467 pende
338 1434 426 1456 autem
438 1427 502 1455 milii
516 1428 597 1456 etiam
608 1428 634 1456 in
646 1428 696 1456 hoc
709 1428 785 1456 Pauli
800 1429 982 1468 prudentiam,

241 1485 322 1512 quam
338 1474 433 1502 decore
449 1481 473 1502 ct
485 1474 626 1512 magnifice
647 1485 703 1502 rem
727 1482 864 1503 memoret.
892 1476 984 1514 Neque

240 1520 311 1548 enim
325 1519 396 1548 dixit
409 1531 415 1547 τ
430 1520 484 1555 Qui
501 1530 575 1548 sacra
589 1527 732 1559 operantur
749 1521 783 1549 ab
807 1521 982 1550 offerentibus

239 1566 388 1604 accipiunt;
411 1566 457 1594 sed
468 1565 556 1604 quid?
583 1567 631 1594 Ea:
654 1568 784 1594 sacrario
806 1569 932 1600 vivunt;
953 1574 983 1596 ut

240 1624 287 1642 nee
307 1614 464 1653 accipientes
479 1613 578 1653 probro
595 1613 756 1651 afficiantur,
773 1624 820 1642 nec
844 1614 891 1652 qui
911 1625 980 1653 prae-

240 1660 301 1688 bent
318 1660 488 1688 extollantur.
513 1660 683 1699 Quapropter
697 1659 737 1695 id,
761 1659 832 1698 quod
848 1661 979 1698 sequitur,

242 1708 279 1736 sic
292 1708 391 1747 posuit.
410 1709 500 1746 Neque
515 1708 560 1736 hic
572 1708 643 1737 enim
664 1707 746 1745 dixit,
761 1708 814 1743 Qui
829 1708 907 1736 altari
917 1709 982 1737 assi-

240 1755 312 1791 dent,
322 1756 356 1784 ab
368 1756 568 1784 immolantibus
575 1756 725 1795 accipiunt;
741 1756 799 1792 sed,
814 1757 889 1785 Cum
905 1757 983 1785 alta-

240 1803 266 1829 ri
275 1804 463 1840 participant.
478 1803 547 1830 Nam
563 1813 621 1840 quae
641 1802 730 1830 oblata
743 1802 856 1839 fuerant,
874 1813 926 1831 non
941 1803 982 1831 ul-

239 1852 279 1873 tra
291 1845 458 1874 offerentium
470 1852 554 1882 eraut,
580 1845 626 1874 sed
639 1845 747 1874 sacrarii
761 1852 786 1874 et
800 1845 902 1875 altaris.
927 1847 982 1875 Nec

241 1891 322 1929 dixit,
338 1892 419 1920 Sacra
433 1892 578 1931 accipiunt,
595 1891 652 1928 sed,
665 1892 714 1920 Ex
722 1893 852 1920 sacrario
863 1894 981 1926 vivunt,-

242 1949 334 1967 rursus
346 1937 485 1966 ostendens
497 1938 714 1972 moderationem,
723 1944 748 1966 et
757 1937 828 1975 quod
838 1948 890 1966 non
904 1948 982 1977 opor-

242 1991 294 2012 teat
308 1984 432 2023 pecunias
444 1984 568 2022 colligere
581 1994 629 2012 nec
648 1983 740 2012 ditari.
757 1984 786 2012 Si
801 1990 889 2012 autem
904 1983 980 2018 dicit,

243 2032 316 2060 Cum
330 2032 421 2060 altari
429 2034 617 2071 participant,
628 2042 679 2060 non
691 2042 725 2060 ex
732 2042 807 2069 aequo
817 2031 914 2059 saetam
922 2031 982 2059 dis-

242 2078 415 2107 tributionem
433 2078 508 2114 dicit,
524 2078 570 2107 secl
595 2078 624 2106 id
646 2078 719 2116 quod
733 2088 766 2106 ex
782 2077 872 2106 debito
900 2077 980 2106 datur

242 2124 280 2152 eis
291 2124 424 2153 solatium.
445 2125 525 2163 Atqui
543 2125 620 2163 longe
641 2125 740 2163 majora
756 2123 829 2163 apud
843 2123 975 2163 apostolos

243 2178 327 2200 erant.
342 2172 402 2200 Illic
415 2171 485 2200 enim
493 2172 576 2200 honor
593 2178 648 2199 erat
660 2171 859 2207 sacerdotium5
876 2171 920 2199 hie
939 2182 983 2199 au-

244 2223 296 2245 tem
308 2218 436 2257 pericula,
447 2218 638 2257 jugulationes‚
662 2217 754 2246 caedes.
780 2217 843 2246 Ideo
859 2217 983 2246 omnibus

244 2263 305 2292 aliis
327 2264 457 2304 exemplis
472 2264 550 2302 longe
561 2264 646 2302 majus
660 2270 716 2292 erat
728 2263 756 2291 id
769 2263 840 2301 quod
864 2262 941 2298 dicit,
954 2263 984 2292 Si

245 2320 296 2339 nos
312 2312 394 2339 vobis
410 2310 576 2349 spiritualia
590 2311 805 2338 seminavimus.
831 2310 899 2338 Cum
913 2309 983 2337 enim

243 2356 318 2393 dicii,
334 2357 554 2392 seminavimus,
568 2361 744 2394 tempestates,
768 2355 896 2394 pericula,
919 2355 984 2383 insi-

244 2403 303 2431 dias
319 2410 345 2432 et
373 2401 559 2431 inenarrabilia
573 2401 642 2429 mala
653 2400 776 2437 ostendit,
797 2411 856 2438 quae
869 2400 983 2429 sustine-

278 2501 291 2520 b
311 2499 468 2533 [Articulum
485 2499 607 2523 omittunt
619 2500 646 2522 A.
662 2499 688 2523 B,
694 2499 702 2530 ]

999 1163 1017 1186 E

992 1546 1027 1564 192

1000 1574 1018 1596 A

1000 2136 1017 2159 B

1312 785 1447 814 OMIAIA
1461 785 1512 815 κδ’.

1033 876 1090 904 Οὐκ
1112 875 1198 905 οἴδατε
1209 876 1249 905 ὅτι
1269 878 1292 905 οἱ
1306 877 1339 906 τὰ
1351 877 1409 917 ἱερὰ
1420 879 1603 917 ἐργαζόμενοι,
1625 880 1655 908 ἐκ
1669 882 1714 908 τοῦ
1731 881 1801 919 ἱεροῦ

1072 922 1219 958 ἐσθίουσιν;
1239 925 1262 951 οἱ
1277 925 1314 963 τῷ
1329 924 1506 964 θυσιαστηρίῳ
1521 924 1749 965 προσεδρεύοντες,
1763 927 1800 964 τῷ

1072 969 1250 1008 θυσιαστηρίῳ
1270 970 1487 1009 συμμερίζονται;
1509 970 1589 1000 Οὕτω
1604 971 1648 1000 καὶ
1672 974 1686 1000 ὃ
1705 971 1801 1010 Κύριος

1073 1014 1172 1048 διέταξε
1187 1019 1240 1047 τοῖς
1251 1015 1281 1044 τὸ
1293 1016 1441 1054 εὐαγγέλιον
1457 1016 1678 1055 καταγγέλλουσιν
1687 1040 1694 1054 ,
1706 1018 1736 1046 ἐκ
1753 1020 1799 1046 τοῦ

1073 1061 1223 1100 εὐαγγελίου
1236 1063 1291 1100 ζῇν.

1335 1153 1347 1169 ²²
1360 1153 1405 1190 τὴν
1433 1154 1560 1189 σπουδὴν,
1578 1154 1646 1184 ὥστε
1667 1155 1748 1189 δεῖξαι
1762 1155 1799 1193 μὴ

1033 1199 1213 1238 κεκωλυμένον
1236 1200 1266 1228 τὸ
1281 1200 1434 1238 λαμὸάνειν.
1455 1200 1554 1239 Διόπερ
1578 1203 1692 1229 τοσαῦτα
1719 1201 1800 1230 εἰπὼν

1072 1153 1179 1189 Πολλὴν
1196 1157 1311 1182 ποιεῖται

1033 1245 1193 1284 ἔμπροσθεν,
1215 1246 1262 1275 οὐκ
1283 1245 1418 1285 ἠρκέσθη,
1443 1246 1511 1274 ἀλλὰ
1525 1246 1569 1275 καὶ
1589 1246 1633 1275 ἐπὶ
1655 1246 1699 1275 τὸν
1722 1247 1800 1285 νόμον

1033 1297 1129 1331 χωρεῖ,
1151 1290 1302 1330 οἰκειότερον
1329 1294 1374 1320 τοῦ
1401 1291 1528 1331 προτέρου
1552 1292 1676 1331 παρέχων
1698 1292 1801 1322 ὑπόδει-

1034 1349 1099 1376 γμα.
1116 1336 1186 1366 Οὐδὲ
1199 1336 1250 1375 γὰρ
1262 1333 1293 1372 ἦν
1310 1337 1364 1365 ἴσον
1379 1337 1445 1369 ςτὰς
1461 1339 1521 1375 βοῦς
1531 1342 1695 1376 παραγαγεῖν
1708 1339 1745 1371 εἷς
1757 1338 1803 1376 με’-

1036 1395 1089 1417 σον,
1106 1383 1151 1411 καὶ
1166 1385 1250 1422 ῥητῶς
1263 1382 1324 1421 περὶ
1338 1382 1426 1421 ἱερέων
1442 1383 1519 1420 νόμον
1536 1382 1654 1421 κείμενον
1673 1384 1709 1416 εἷς
1723 1383 1802 1422 μέσον

1036 1432 1152 1468 ἀγαγεῖν.
1172 1428 1270 1457 Σκόπει
1284 1428 1312 1457 δέ
1324 1439 1368 1465 μοι
1382 1430 1431 1456 κάν
1443 1427 1526 1467 τούτῳ
1539 1427 1587 1462 τὴν
1602 1428 1710 1457 Παύλου
1728 1429 1803 1458 σύνε-

1036 1488 1086 1511 σιν,
1106 1477 1162 1507 πῶς
1187 1474 1319 1513 μέμνηται
1341 1476 1385 1502 τοῦ
1407 1474 1562 1513 πράγματος
1587 1476 1802 1514 μεγαλοπρεπῶς,

1036 1521 1104 1550 Οὐδὲ
1118 1520 1169 1560 γὰρ
1180 1517 1264 1555 εἶπεν,
1277 1522 1300 1549 οἱ
1313 1519 1346 1548 τὰ
1362 1520 1420 1559 ἱερὰ
1435 1520 1604 1559 ἐργαζόμενοι
1616 1522 1645 1548 ἐκ
1659 1522 1710 1548 τῶν
1723 1533 1804 1560 προσ-

1035 1568 1163 1606 φερόντων
1193 1566 1372 1604 λαμῧάνουσιν
1381 1577 1386 1583 ·
1419 1565 1486 1594 ἀλλὰ
1509 1565 1535 1594 τί
1543 1578 1551 1601 ;
1580 1565 1631 1594 Ἐκ
1659 1569 1704 1594 τοῦ
1733 1568 1803 1606 ἱεροῦ

1033 1613 1160 1642 ἐσθίουσιν
1169 1625 1175 1630 ·
1202 1612 1245 1641 ἵνα
1270 1612 1336 1650 μήτε
1362 1613 1385 1640 οἱ
1409 1611 1588 1650 λαμέάνοντες
1613 1611 1802 1648 ὀνειδίζωνται,

1034 1660 1102 1698 μήτε
1115 1660 1138 1688 οἳ
1152 1658 1312 1697 παρέχοντες
1324 1657 1493 1698 ἐπαίρωνται.
1506 1658 1554 1686 Διὸ
1568 1657 1651 1686 καὶτὸ
1664 1657 1723 1693 ἑῗῆς
1733 1657 1802 1687 οὕτω

1032 1705 1154 1734 τέθεικεν.
1166 1703 1234 1733 Οὐδὲ
1237 1703 1295 1760 γὰρ
1312 1703 1385 1732 ’Ἶοῦδὲ
1400 1705 1509 1732 ἐνταῦθα
1523 1699 1606 1739 εἶπεν,
1622 1705 1645 1732 οἷ
1661 1706 1698 1743 τῷ
1712 1707 1804 1733 θυσια-

1033 1763 1133 1791 στηριῳ
1151 1749 1366 1790 προσεδρεύοντες
1384 1749 1436 1778 ἀπὸ
1451 1752 1502 1778 τῶν
1518 1749 1631 1778 θυόντων
1648 1749 1801 1788 λαμὸοίνου-

1034 1810 1085 1832 σιν,
1105 1796 1190 1832 ἀλλὰ,
1206 1798 1253 1825 Tc:
1269 1795 1446 1835 θυσιαστηρίυ
1465 1795 1679 1834 συμμερίζονται,
1691 1795 1734 1825 Τὰ
1749 1796 1801 1835 γὰρ

1033 1842 1238 1881 προσενεχθέντα
1250 1841 1336 1870 οὖκέτι
1347 1841 1439 1869 λοιπὸν
1452 1843 1504 1869 τῶν
1518 1842 1747 1880 προσενεγκάντων
1759 1845 1802 1877 ἠν,

1033 1889 1101 1917 ἀλλὰ
1112 1891 1156 1916 τοῦ
1172 1890 1240 1925 ἱεροῦ
1257 1887 1301 1915 και
1315 1899 1360 1915 του
1374 1886 1568 1925 θυσιαστηρίου.
1596 1887 1650 1916 Και
1659 1888 1707 1916 οὐκ
1721 1891 1801 1924 εἶπεν,

1032 1934 1072 1964 ὅτι
1088 1934 1120 1962 τὰ
1133 1933 1190 1972 ἱερὰ
1204 1932 1394 1970 λαμὸάνουσιν,
1410 1933 1479 1967 ἀλλ’,
1497 1932 1547 1961 Ἐκ
1557 1936 1602 1962 τοῦ
1616 1933 1686 1972 ἱεροῦ
1699 1933 1802 1962 ἐσθίου-

1033 1992 1078 2016 σι,
1095 1979 1193 2011 δεικνὺς
1213 1978 1292 2007 πάλιν
1308 1977 1355 2012 τὴν
1379 1977 1552 2017 συμμετρίαν,
1574 1978 1619 2007 καὶ
1633 1978 1673 2007 ὅτι
1687 1980 1715 2008 οὗ
1729 1991 1803 2018 χρη-

1034 2026 1189 2064 ματίζεσθαι
1205 2025 1242 2053 δεῖ
1263 2024 1320 2053 οὖῗὲ
1339 2025 1468 2053 πλουτεῖν.
1497 2025 1530 2052 Εἰ
1549 2023 1575 2053 δὲ
1595 2024 1684 2064 λέγοι,
1704 2024 1744 2054 ὅτι
1762 2028 1801 2065 τῷ

1033 2071 1210 2111 θυσιαστηρίῳ
1231 2070 1436 2109 συμμερίζονται
1447 2091 1454 2103 ,
1468 2071 1496 2098 οὗ
1510 2069 1558 2105 τὴν
1570 2069 1656 2105 ἐξίσης
1675 2071 1804 2109 διανομὴν

1034 2119 1118 2158 λέγει,
1141 2117 1209 2146 ἀλλὰ
1229 2116 1277 2151 τὴν
1293 2116 1317 2149 ἐξ
1335 2117 1440 2155 ὁρειλῆς
1462 2115 1599 2153 διδομένην
1615 2118 1702 2149 αὖτοῑς
1717 2129 1802 2156 παρα-

1036 2164 1139 2203 μυθίαν.
1155 2163 1250 2192 Καίτοι
1263 2162 1296 2191 τὰ
1311 2164 1363 2190 τῶν
1379 2161 1531 2190 ἀποστόλων
1545 2162 1649 2200 μείζονα
1660 2164 1750 2201 πολλῷ
1761 2159 1803 2198 ἦν.

1033 2211 1107 2239 Ἐκεῖ
1123 2210 1169 2248 μὲν
1183 2209 1234 2249 γὰρ
1248 2207 1312 2246 τιμὴ
1326 2204 1358 2243 ἦν
1371 2210 1387 2242 ἡ
1401 2207 1541 2247 ἱερωσύνη·
1557 2209 1666 2237 ἐνταῦθα
1694 2208 1721 2238 δὲ
1750 2209 1802 2237 κίν-

1034 2258 1103 2285 δυνοι
1124 2256 1168 2284 καὶ
1191 2255 1290 2294 σφαγαὶ
1304 2254 1348 2283 καὶ
1362 2253 1443 2293 φόνοι.
1471 2253 1571 2292 Διόπερ
1584 2256 1638 2282 τῶν
1650 2254 1737 2283 ἄλλων
1750 2267 1802 2283 πα-

1037 2301 1216 2341 ραδειγμάτων
1231 2300 1354 2329 ἁπάντων
1367 2299 1434 2328 πολὺ
1450 2301 1536 2337 μεῖζον
1556 2295 1588 2334 ἦν
1601 2298 1631 2327 τὸ
1643 2299 1728 2338 λέγειν
1739 2311 1746 2317 ·
1767 2301 1801 2329 Εἰ

1036 2351 1112 2387 ἡμεῖς
1135 2351 1195 2385 ὑμῖν
1219 2346 1253 2375 τὰ
1275 2345 1439 2384 πνευματικὰ
1456 2344 1621 2384 ἐσπείραμεν.
1649 2345 1735 2374 “O-tow
1749 2346 1801 2386 γὰρ

1037 2398 1099 2437 εἴπῃ
1110 2421 1117 2433 ,
1140 2396 1318 2436 Ἐσπείραμεν
1329 2417 1336 2431 ,
1350 2394 1409 2427 τοὺς
1429 2395 1562 2433 χειμῶνας
1577 2394 1622 2422 καὶ
1640 2395 1698 2428 τοὺς
1712 2396 1802 2425 κινδύ-

1048 2504 1125 2528 marg.
1139 2494 1229 2527 savit]

277 2547 287 2555 ⁰
306 2540 365 2571 Reg.
380 2542 428 2565 τοὺς
440 2543 492 2572 siou-
484 2558 500 2568 ,,
513 2544 536 2562 et
548 2538 622 2570 paulo
640 2543 697 2569 post.
709 2537 774 2561 idem
792 2550 819 2570 ν)
819 2549 858 2563 ιον
870 2541 906 2564 ἐπὶ
923 2539 994 2570 τιύτῳ
1083 2544 1091 2553 ³
1111 2536 1195 2567 Ulmo,
1212 2537 1259 2562 2352
1272 2537 1374 2563 ἐνταῦθα,
1389 2532 1475 2557 addita
1491 2537 1548 2556 suut
1559 2540 1588 2556 ex
1602 2533 1631 2557 A.
1646 2532 1685 2566 B.]

245 2591 267 2603 s:
271 2591 306 2603 l
309 2590 343 2603 νον
364 2583 493 2610 ἀινγνὼικι.
512 2578 668 2609 [1.]1τιιιῑιιμω
687 2583 723 2600 et
745 2577 818 2600 etim]
839 2578 863 2600 in
889 2577 918 2600 A.
933 2577 958 2600 Β
974 2582 997 2600 et
