1891 2866
82 906 154 925 Malli
183 912 215 926 m.

84 942 120 957 Ιυ.

239 185 306 226 214

231 258 359 285 adversus
369 254 662 284 daemonasinstruitur.
673 253 746 283 Illud
762 264 866 293 quoque
879 254 969 283 obser-

231 303 349 332 vandum
361 310 410 336 cst,
423 301 558 341 quomodo
567 302 665 340 ubique
673 301 879 331 moderationem
891 301 970 330 adhi-

230 350 330 387 buerit,
341 349 484 378 utilitntem
505 348 590 377 solum
609 349 741 387 quaerens,
755 358 807 376 non
824 358 864 376 res
877 358 969 387 super-

231 398 307 426 fluas.
325 398 384 426 Non
400 397 471 425 enim
488 395 567 432 dixit,
580 397 648 431 Quis
664 402 765 435 pugnat
784 402 809 424 ct
828 405 880 423 non
895 395 970 424 dives
992 425 996 428 ,

229 451 267 472 est
277 444 290 472 P
300 443 356 480 sed,
369 443 438 481 Quis
451 443 559 471 militat
574 444 632 471 suis
649 442 798 480 stipendiis
810 451 947 480 umquam
958 444 970 468 Ρ

229 491 288 519 Non
310 489 397 525 dixit,
412 490 481 525 Quis
498 489 599 528 plantat
621 490 728 517 vineam
749 495 774 517 et
797 498 848 516 non
869 488 971 525 colligit

228 547 336 573 aurum,
357 542 403 564 aut
428 535 544 563 fructum
568 541 653 563 totum
676 545 727 562 non
753 533 895 573 decerpit?
910 533 967 567 sed,

229 583 385 622 Exsruclu
397 583 458 621 ejus
481 592 537 609 non
555 582 698 610 comedit?
710 581 800 618 Neque
811 579 890 615 dixit,
902 579 970 614 Quis

228 629 313 668 pascit
331 638 437 667 gregem
454 635 478 656 et
495 627 528 655 de
544 627 619 664 agnis
641 636 692 654 non
711 632 815 654 exercet
834 632 970 654 mercatu-

229 675 307 703 inm?
318 674 363 703 sed
374 673 525 712 quomodo?
541 674 580 701 Et
593 683 628 700 ex
641 674 702 710 ejus
714 672 791 700 lacte
805 682 863 699 non
878 681 970 699 come-

228 722 270 750 clil
278 725 290 749 Ρ
300 722 358 750 Non
367 731 399 749 ex
410 720 495 757 agnis,
508 718 553 747 sed
564 719 611 746 Ex
621 719 715 751 laem
728 717 867 745 ostendens
878 716 970 745 docto-

228 777 282 796 rem
294 776 378 806 parvo
392 765 484 793 solatio
501 770 653 792 contentum
663 773 716 791 esse
726 769 855 801 oportere,
862 762 969 800 soloque

228 812 373 841 necessario
396 810 466 839 cibo.
484 809 548 837 Haec
567 808 603 837 ad
628 819 681 844 eos,
698 807 744 846 qui
767 807 861 836 volunt
880 808 968 836 omnia

229 857 374 893 comedere,
396 863 421 884 et
449 856 566 884 fructum
585 861 671 883 totum
694 854 843 893 decerpere.
858 853 933 882 Hanc
944 860 968 882 et

229 904 360 932 Dominus
390 902 477 941 legem
511 901 618 940 posuit,
647 900 738 928 dicens
757 911 763 927 z
786 900 901 939 Dignus
926 906 968 928 est

228 951 375 989 operarius
392 949 456 976 cibo
472 958 533 976 suo.
549 947 607 975 Non
628 947 679 975 hoc
695 953 784 974 autem
808 945 895 974 solum
916 956 968 974 ex-

229 994 325 1033 emplis
336 993 442 1033 probat,
453 991 499 1020 sed
508 991 588 1020 etiam
601 990 716 1019 ostendit
726 989 832 1028 qualem
849 996 968 1030 oporteat

228 1052 283 1069 esse
293 1039 464 1069 sacerdotem.
471 1038 579 1066 Etenim
590 1037 774 1066 militihabere
784 1036 969 1065 fortitudinem

229 1097 296 1126 opus
313 1092 361 1121 est,
375 1084 498 1123 agricolae
509 1093 613 1117 curam,
629 1082 729 1122 pastori
741 1081 966 1111 sollicitudinem:

227 1144 259 1162 ac
273 1139 332 1173 post
353 1133 409 1160 haec
429 1131 518 1159 omnia
532 1130 602 1159 nihil
622 1129 738 1169 amplius
754 1139 870 1167 quaerere
889 1139 969 1167 quam

230 1178 384 1207 necessaria.
396 1178 465 1206 Cum
479 1176 637 1205 ostendisset
648 1185 719 1214 ergo,
727 1185 779 1203 non
790 1185 844 1203 esse
856 1174 970 1203 vetitum

227 1224 331 1254 doctori
346 1224 473 1263 accipere,
485 1229 509 1251 et
527 1233 562 1251 ex
577 1221 730 1250 doctoribus
739 1227 764 1249 et
775 1231 810 1249 ex
825 1221 887 1249 vitae
903 1231 969 1259 quo-

230 1271 339 1300 tidianae
367 1269 516 1309 exemplis,
533 1268 568 1297 ad
590 1268 699 1296 tertium
720 1274 800 1306 caput
824 1267 916 1305 venit,
932 1267 971 1296 sic

228 1317 340 1346 dicens:
355 1316 383 1346 8.
396 1315 548 1354 Numquid
569 1314 726 1343 secundum
747 1315 891 1342 hominem
910 1314 970 1342 lzaec

230 1366 364 1393 dico?an
378 1369 405 1391 et
420 1363 466 1390 lea:
479 1364 540 1390 haec
554 1371 612 1389 non
628 1359 798 1395 dicit?Quia
813 1359 884 1388 enim
902 1360 970 1388 hac-

231 1418 307 1439 tenus
331 1419 364 1438 ex
379 1408 525 1448 Scripturis
545 1407 613 1436 nihil
631 1407 718 1443 dixit,
736 1406 782 1435 sed
804 1416 971 1434 communem

231 1455 343 1495 protulit
364 1453 584 1483 consuetudinem
595 1475 603 1487 ,
614 1453 654 1481 Ne
678 1452 775 1492 putetis
801 1461 857 1489 me,
873 1451 970 1490 inquit,

230 1501 302 1530 hisce
325 1500 375 1528 niti
395 1500 468 1534 solis,
485 1509 569 1537 neque
592 1509 626 1526 ex
642 1497 779 1526 hominum
796 1497 895 1536 placito
915 1497 972 1525 haec

229 1555 345 1576 statuere
358 1559 364 1574 ε
381 1556 490 1586 possum
505 1545 576 1574 enim
593 1543 746 1579 ostendere,
760 1543 817 1572 haec
831 1544 887 1572 Deo
901 1554 972 1582 quo-

231 1605 284 1632 que
298 1593 398 1633 placita
417 1603 481 1629 esse,
491 1598 517 1620 et
534 1598 650 1620 veterem
664 1590 724 1628 lego
738 1589 823 1628 legem
836 1590 894 1618 haec.
904 1601 972 1629 prae-

230 1640 380 1679 cipientem.
393 1639 456 1667 Ideo
470 1648 517 1677 per
538 1636 772 1675 interrogationem
788 1635 972 1674 progreditur,

231 1687 270 1716 uti
282 1687 347 1716 solet
361 1687 419 1715 fieri
430 1686 458 1714 in
473 1685 518 1723 iis,
530 1695 590 1723 quae
605 1683 713 1713 omnino
729 1683 756 1712 in
768 1683 885 1712 confesso
896 1690 971 1721 sunt,

230 1734 267 1762 sic
277 1733 368 1764 dicens
384 1745 390 1760 ε
404 1732 557 1771 Numquid
581 1731 740 1759 secundum
756 1730 901 1758 hominem
911 1731 972 1759 Inec

230 1781 296 1808 dico
306 1782 318 1806 9
335 1779 368 1808 Id
381 1786 431 1814 est,
443 1779 514 1806 Num
528 1776 654 1805 humanis
668 1782 773 1804 tantum
783 1776 914 1815 exemplis
928 1776 973 1804 ni·-

230 1825 293 1854 tor?
307 1825 419 1853 Annon
432 1826 520 1852 etiam
536 1824 583 1851 Zet
596 1824 656 1852 hoec
667 1823 757 1850 dicit?
775 1823 803 1850 9.
825 1822 970 1861 Scriptura

230 1878 272 1900 est
281 1873 358 1899 enim
371 1873 401 1898 ἱη
415 1871 476 1909 lege
484 1871 615 1906 Moysis:
627 1869 696 1897 Non
711 1868 849 1906 alligabis
860 1878 889 1896 os
903 1869 972 1896 bovi

231 1918 390 1946 trituranti.
405 1916 441 1944 Et
469 1926 515 1944 cur
536 1915 592 1943 haec
615 1920 752 1950 memorat,
778 1923 838 1942 cum
865 1913 973 1942 haberet

231 1963 385 2002 exemplum
405 1961 597 1990 sacerdotum?
612 1959 766 1988 Admodum
785 1959 902 1988 ubertim
917 1960 974 1988 haec

231 2009 344 2047 probare
366 2008 466 2036 volens.
478 2006 592 2043 Deinde,
609 2016 642 2034 ne
655 2005 715 2044 quis
735 2005 852 2034 diceret:
867 2005 973 2044 Ecquid

231 2054 265 2083 ad
285 2065 342 2089 nos,
357 2053 429 2092 quod
444 2053 477 2081 de
495 2053 581 2081 bobus
601 2051 702 2080 dictum
717 2051 775 2080 est?
788 2051 839 2080 hoc
852 2059 974 2081 accurate

235 2100 347 2129 discutit
371 2099 481 2127 dicens:
497 2098 649 2137 Numquid
668 2097 704 2125 de
727 2099 815 2126 bobus
837 2108 908 2126 cura
931 2104 973 2126 est

234 2148 298 2175 Deo
309 2146 416 2175 ?Boves
439 2155 501 2183 ergo
528 2154 580 2172 non
610 2150 685 2172 curat
695 2165 702 2178 ,
717 2154 804 2181 quaeso
827 2151 862 2180 te,
878 2144 973 2172 Deus?

234 2193 318 2220 Curat
327 2191 429 2229 utique,
442 2190 488 2219 sed
505 2200 556 2218 non
572 2189 619 2224 ita,
630 2196 658 2217 nt
679 2189 712 2217 de
726 2189 771 2217 illa
785 2200 813 2218 re
827 2190 913 2229 legem
927 2197 972 2218 tu-

231 2239 300 2268 lerit.
313 2238 490 2277 Quapropter,
500 2236 549 2265 nisi
563 2246 688 2274 magnum
704 2235 769 2273 quid
780 2236 970 2273 subindjcarct,

233 2287 248 2315 J
251 2284 343 2314 udaeos
352 2294 400 2324 per
410 2284 489 2312 bruta
504 2292 627 2311 exercens
636 2281 670 2310 ad
681 2281 883 2320 benignitatem,
893 2289 972 2321 atquc

233 2331 313 2360 etiam
327 2331 387 2359 illos
407 2340 454 2369 per
467 2329 524 2358 haec
541 2328 575 2357 de
588 2327 742 2356 doctoribus
755 2328 904 2366 alloquens,
919 2340 970 2358 non

234 2378 286 2406 tale
296 2377 454 2416 suscepisset
471 2374 599 2411 studium,
613 2381 642 2402 ut
654 2381 679 2402 et
693 2374 778 2413 legem
798 2375 923 2404 scriberet
937 2376 972 2405 de

233 2424 319 2453 bobus
335 2434 409 2453 camo
423 2433 474 2451 non
489 2421 614 2461 ligandis.
628 2420 692 2450 Inde
699 2428 787 2450 autem
800 2422 874 2451 aliud
882 2430 967 2452 osten-

268 2528 277 2545 Ῑ
296 2524 332 2558 [Α.
345 2527 416 2553 καλῶς
426 2544 431 2553 ,
445 2527 524 2550 οὔκω.
534 2526 657 2555 γλλκκτος,
672 2525 736 2549 εἶπεν.
748 2521 757 2556 ]

268 2565 279 2576 “
298 2564 304 2597 1
316 2566 344 2588 Α.
359 2567 442 2590 τούτων
456 2568 553 2591 πάντων,
564 2561 691 2595 quomodo
703 2571 775 2594 supra
789 2562 884 2588 loeutus
897 2564 954 2595 est.]

575 193 602 216 S.
631 192 770 217 somnis
795 192 974 216 CHRYSOST.

1004 194 1021 216 A
1028 194 1144 217 netum·
1151 209 1158 216 .
1188 194 1249 217 CON
1255 194 1313 217 STA
1319 195 1439 217 NTINOP
1447 208 1454 215 -

1022 255 1089 284 ἀλλὰ
1104 257 1194 295 ψυχῶν
1207 257 1318 294 λογικῶν
1332 256 1376 285 καὶ
1386 258 1433 292 τῆς
1443 255 1508 296 πρὸς
1518 255 1576 289 τοὺς
1588 255 1711 294 δαίμονας
1732 267 1783 285 πα-

1023 301 1161 339 ρατᾶξεως.
1174 302 1379 341 Παρατηρητέον
1395 301 1421 331 δὲ
1433 303 1549 336 κάκεῖνο,
1563 301 1634 334 ὅπως
1647 303 1782 341 πανταχοῦ

1022 347 1069 382 τὴν
1090 348 1277 387 συμυετρίανε
1267 347 1361 377 ἐσύλ”
1333 361 1374 382 αςε
1384 371 1390 383 ,
1412 349 1442 377 τὸ
1463 348 1587 388 χρειῶδες
1601 349 1683 383 ζητῶν
1697 346 1784 385 μόνον,

1023 393 1080 432 ουγὶ
1092 394 1121 422 τὸ
1132 394 1319 433 περιττόν.οὖ
1330 394 1380 434 γὰρ
1391 390 1462 431 εἷπε,
1481 394 1520 427 τίς
1539 393 1707 432 στρατεύεται
1718 416 1725 429 ,
1737 393 1782 422 καὶ

1023 440 1050 468 οὐ
1064 441 1188 468 πλουτεῖ·
1211 439 1292 476 ἀλλὰ,
1313 440 1362 473 Τίς
1383 440 1550 480 στρατεύεται
1573 439 1646 474 ἰδίοις
1666 439 1784 478 ὀψωνίοις

1023 485 1100 521 ποτέ;
1115 485 1171 513 off}
1186 481 1257 521 εἶπε,
1272 486 1311 518 τίς
1322 486 1424 525 φυτεύει
1443 487 1603 524 ἀμπελῶνα,
1625 485 1710 514 καὶού
1725 498 1784 514 συν-

1023 530 1080 568 άγει
1092 531 1209 569 χρυσίον,
1220 531 1237 566 ἢ
1251 532 1295 560 τὸν
1306 532 1405 571 καρπὸν
1418 533 1558 572 ὁλόκληρον
1570 534 1598 561 οὖ
1613 536 1708 571 τρυγᾷ;
1716 531 1783 567 ἀλλ’,

1023 576 1073 605 Ἐκ
1097 579 1142 605 τοῦ
1159 580 1259 616 καρποῦ
1276 578 1353 606 αὐτοῦ
1381 578 1426 606 οὔκ
1448 578 1540 613 ἐσθίεις
1561 578 1619 607 οὐδὲ
1645 574 1719 613 εἷπε,
1743 577 1784 610 τίς

1022 622 1155 660 ποιμαίνει
1167 622 1291 660 ποίμνην,
1305 623 1350 651 καὶ
1369 625 1415 652 οὔκ
1433 623 1604 663 ἐμπορεύεται
1617 623 1675 656 τοὺς
1689 624 1783 663 ἅρνας;

1023 668 1090 697 ἀλλὰ
1103 671 1177 704 πῶς;
1197 668 1250 698 Καὶ
1269 670 1299 697 ἐκ
1313 672 1358 698 τοῦ
1379 670 1508 708 γάλακτος
1529 671 1608 704 αὐτῆς
1628 671 1673 698 οὒκ
1688 669 1781 704 ἐσθίει;

1021 712 1031 729 1
1055 715 1062 724 a

1038 726 1083 742 ουκ
1097 715 1126 742 ἐκ
1139 716 1190 742 τῶν
1206 716 1300 753 ἀρνῶν,
1315 716 1372 744 ἀλλ’
1394 716 1443 744 Ἐκ
1461 719 1506 744 τοῦ
1528 714 1672 753 γάλακτος·
1687 714 1785 748 δεικνὺς

980 781 1014 800 183
1022 759 1062 788 ὅτι
1082 764 1163 800 μικρᾷ
1180 760 1335 800 παραμυθία
1354 761 1397 789 τὸν
1410 760 1566 790 διδάσκαλον
1582 762 1717 800 ἀρκεῖσθαι
1731 762 1785 797 δεῖ,

1022 805 1067 834 καὶ
1081 808 1113 844 τῇ
1128 806 1258 846 ἀναγκαίᾳ
1270 806 1335 846 μόνῃ
1353 809 1445 846 τροφῇ,
1457 808 1549 836 Ταῦτα
1563 807 1628 846 πρὸς
1647 807 1706 840 τοὺς
1725 809 1786 846 βου-

1020 851 1144 889 λομένους
1168 853 1255 880 πάντα
1270 853 1417 881 κατεσθίειν
1435 853 1479 881 καὶ
1502 852 1546 881 τὸν
1561 853 1661 893 καρπὸν
1676 853 1785 889 ὁλόκλη-

1024 910 1064 937 ρον
1074 903 1181 938 τρυγᾷν.
1196 898 1273 927 Οὕτω
1294 899 1339 927 καὶ
1353 901 1365 927 6
1378 898 1472 939 Κύριος
1491 899 1677 937 ἐνομοθέτησε,
1687 897 1784 937 λέγων·

1021 944 1102 977 Ἄξιος
1112 948 1125 973 6
1135 945 1248 984 ἐργάτης
1261 947 1309 979 τῆς
1321 947 1418 985 τροφῆς
1432 946 1509 974 αὐτοῦ
1525 947 1604 974 ἐστιν.
1619 946 1659 974 Οὔ
1674 948 1749 974 τοῦτο
1758 943 1786 974 δὲ

1022 990 1099 1028 μόνον
1125 992 1139 1018 ὃ
1144 990 1169 1019 ιὰ
1191 993 1242 1019 τῶν
1264 991 1460 1029 ὑποδειγμάτων
1485 991 1689 1028 κατασκευάζει,
1717 990 1786 1020 ἀλλὰ

1021 1037 1065 1065 καὶ
1081 1036 1210 1065 δείκνυσιν
1233 1040 1320 1066 ὁποῖον
1344 1033 1410 1066 εἶναι
1424 1037 1476 1076 χρὴ
1496 1038 1539 1067 τὸν
1559 1037 1638 1078 ἱερέα.
1660 1037 1713 1066 Καὶ
1734 1037 1785 1077 γὰρ

1022 1082 1182 1121 στρατιώτου
1200 1083 1318 1123 ἀνδρείαν
1335 1085 1478 1118 κεκτῆσθαι
1492 1083 1585 1112 δεῖκαὶ
1599 1087 1714 1123 γεωργοῦ
1727 1085 1786 1112 ἔπι-

1023 1128 1129 1167 μέλειαν
1145 1129 1188 1157 καὶ
1201 1129 1322 1166 ποιμένος
1342 1129 1511 1168 κηδεμονίαν,
1532 1129 1577 1158 καὶ
1599 1129 1666 1168 μετὰ
1680 1130 1785 1159 *ταῦτα

1021 1175 1108 1204 πάντα
1127 1175 1207 1213 μηδὲν
1229 1176 1306 1205 πλέον
1329 1178 1380 1204 τῶν
1401 1176 1549 1214 ἀναγκαίων
1575 1177 1668 1211 ζητεῖν.
1693 1176 1786 1210 Δείξας

1021 1221 1105 1250 τοίνυν
1130 1222 1175 1250 ’καὶ
1199 1221 1251 1250 ἀπὸ
1269 1223 1320 1250 τῶν
1335 1221 1499 1255 ἀποστόλων,
1523 1222 1562 1250 ὅτι
1589 1223 1617 1251 οὗ
1638 1221 1786 1261 κεκώλυται

1021 1267 1164 1305 λαμῦοίνειν
1174 1268 1216 1296 τὸν
1229 1269 1394 1304 διδάσκαλον,
1407 1267 1452 1297 καὶ
1466 1267 1517 1297 ἀπὸ
1527 1270 1578 1297 τῶν
1591 1267 1659 1297 κατὰ
1671 1268 1715 1297 τὸν
1730 1269 1786 1307 βίον

1022 1314 1251 1352 παραδειγμάτων,
1263 1315 1307 1342 καὶ
1324 1314 1366 1343 ἐπὶ
1381 1314 1482 1353 ΙἏτρίτον
1504 1313 1644 1352 κεφάλαιον
1664 1313 1786 1353 ἔρχεται,

1021 1358 1088 1387 ούτω
1104 1359 1133 1388 λε’
1121 1371 1199 1398 γ·ων
1215 1360 1260 1395 Μὴ
1273 1360 1341 1388 κατα
1353 1360 1487 1399 ἄνθρωπον
1503 1372 1586 1388 ταυτα
1597 1361 1684 1388 λαλυ·
1678 1359 1714 1396 ,ἢ
1727 1360 1787 1399 οὐχὶ

1023 1417 1066 1433 και
1081 1407 1094 1433 6
1108 1406 1198 1462 νόμος
1197 1418 1278 1435 ταυτα
1288 1406 1375 1445 λέγει·
1369 1428 1377 1441 ,
1389 1406 1443 1435 Ετ-
1436 1405 1500 1442 ειδὴ
1514 1405 1566 1445 γὰρ
1577 1405 1642 1438 τέως
1654 1406 1705 1435 ἀπὸ
1717 1407 1786 1445 Γρα-

1023 1463 1077 1490 φων
1090 1452 1161 1481 οὐδὲν
1176 1464 1256 1488 ειπεν,
1271 1452 1338 1480 ἆθλα
1353 1464 1399 1487 την
1415 1451 1503 1487 κοινὴν
1519 1451 1654 1486 συνήθειαν
1668 1451 1786 1492 προεὸά-

1022 1499 1096 1532 λετο,
1119 1497 1156 1536 μὴ
1171 1498 1294 1536 νομίσητε
1318 1509 1349 1536 με
1359 1520 1366 1533 ,
1382 1510 1445 1538 φησι
1455 1520 1462 1534 ,
1487 1497 1587 1531 τούτοις
1609 1498 1786 1538 ἷσχυρίζεσθαι

1024 1544 1127 1582 μόνοις,
1150 1544 1216 1582 μηδὲ
1232 1546 1275 1583 ἀφ’
1293 1540 1329 1572 ὧν
1343 1549 1396 1576 τοῖς
1422 1543 1567 1584 ἀνθρώποις
1589 1544 1677 1580 δοκεῖ,
1703 1547 1787 1574 ταῦτα

1023 1593 1178 1628 νομοθετεῖν.
1188 1590 1264 1629 Ἔχω
1282 1590 1333 1630 γὰρ
1349 1589 1445 1627 δεῖξαι,
1457 1590 1496 1618 ὅτι
1513 1590 1558 1619 καὶ
1574 1592 1612 1630 τῷ
1629 1591 1691 1631 Θεῷ
1703 1594 1787 1619 ταῦτα

1025 1638 1108 1673 δοκεῖ,
1120 1637 1165 1665 καὶ
1178 1636 1289 1666 παλαιὸν
1305 1636 1474 1676 ἀναγινώσκω
1486 1636 1562 1674 νόμον
1579 1640 1661 1666 ταῦτα
1681 1637 1786 1666 κελεύον

1024 1695 1066 1712 τα.
1080 1683 1127 1712 Διὸ
1137 1684 1181 1712 καὶ
1193 1684 1250 1712 κατ’
1261 1683 1387 1722 ἐρώτησιν
1398 1683 1507 1723 προάγει
1520 1682 1563 1712 τὸν
1573 1683 1658 1721 λόγον,
1670 1683 1733 1722 ὅπερ
1744 1684 1787 1713 ἐπὶ
1814 1700 1817 1701 ⁷

1023 1732 1075 1758 τῶν
1087 1729 1187 1768 σφόδρα
1199 1730 1407 1768 ὡμολογημένων
1419 1729 1532 1767 γίνεται,
1546 1728 1614 1758 οὕτω
1626 1729 1709 1768 λέγων
1721 1740 1728 1747 ·
1739 1730 1786 1766 Μὴ

1024 1775 1091 1804 κατὰ
1107 1776 1241 1814 ἄνθρωπον
1256 1778 1339 1803 ταῦτα
1363 1774 1450 1812 λε’γω;
1471 1774 1614 1811 Τουτέστι,
1635 1774 1672 1813 μὴ
1697 1775 1722 1808 ἐξ
1743 1777 1787 1804 ἀν-

1024 1821 1159 1861 Ορωπίνων
1185 1821 1269 1858 μόνων
1299 1820 1518 1859 παραδειγμάτων
1540 1820 1724 1861 ἷσχυρίζομαι;
1747 1819 1787 1849 Ἢ

1024 1867 1082 1905 οὐχὶ
1105 1866 1150 1895 καὶ
1171 1869 1184 1895 6
1203 1866 1281 1903 νόμος
1302 1870 1384 1895 ταῦτα
1407 1867 1493 1904 λέγει;
1515 1865 1561 1894 Ἐν
1579 1865 1629 1905 γὰρ
1647 1867 1686 1904 τῷ
1714 1865 1786 1905 νόμῳ

1000 1917 1006 1923 “
1026 1913 1157 1945 Μωῦσέως
1184 1912 1346 1951 γέγραπται·
1369 1913 1409 1940 Οὐ
1430 1911 1555 1951 φιμώσεις
1580 1913 1640 1951 βοῦν
1655 1912 1784 1941 ἀλοῶντα.

1025 1959 1076 1988 Καὶ
1092 1958 1159 1991 τίνος
1171 1958 1256 1987 ἕνεκεν
1271 1957 1387 1996 ἐμνήσθη
1398 1957 1486 1986 τούτου
1495 1979 1504 1993 ,
1518 1958 1548 1986 τὸ
1560 1960 1611 1987 τῶν
1623 1958 1711 1998 ἱερέων
1724 1959 1787 1988 ὑπό-

1025 2006 1120 2043 δειγμα
1131 2004 1214 2045 ἔχων;
1227 2004 1276 2033 Ἐκ
1293 2005 1391 2038 πολλῆς
1405 2006 1452 2039 τῆς
1463 2003 1613 2043 περιουσίας
1627 2005 1689 2033 αὐτὸ
1703 2016 1786 2034 κατα-

1026 2053 1151 2081 σκευάσαι
1167 2052 1328 2090 βουλόμενος.
1346 2047 1427 2087 Εἶτα,
1445 2050 1487 2079 ἵνα
1501 2050 1538 2089 μή
1556 2062 1595 2083 τις
1608 2050 1672 2090 λέγῃ
1681 2074 1689 2088 ,
1703 2052 1748 2081 καὶ
1761 2052 1787 2080 τί

1025 2098 1088 2138 πρὸς
1101 2101 1171 2136 ἡμᾶς
1180 2098 1208 2126 τὸ
1222 2097 1281 2136 περὶ
1295 2099 1346 2125 τῶν
1362 2099 1428 2135 βοῶν
1450 2096 1601 2136 εἷρημένον;
1616 2096 1786 2137 ἐπεξεργάζε-

1025 2157 1068 2173 ται
1082 2145 1145 2173 αυτὸ
1157 2143 1223 2181 μετὰ
1241 2143 1332 2182 ἀκριοε
1322 2143 1374 2175 ίας
1389 2143 1487 2181 λεγων·
1503 2142 1549 2177 Μὴ
1563 2145 1614 2171 τῶν
1630 2144 1717 2181 βοων
1712 2143 1786 2173 μέλει

1025 2204 1062 2220 τι)
1076 2192 1151 2229 Θεῶ;
1168 2192 1208 2219 Οὐ
1220 2189 1294 2227 μέλει
1309 2191 1350 2217 οὖν
1366 2200 1426 2229 περι
1440 2190 1492 2217 τῶν
1503 2190 1582 2227 βοῶν,
1599 2188 1656 2218 εἷπε
1672 2201 1734 2227 μοι,
1747 2202 1786 2218 τω

1025 2240 1103 2277 Θεῳ;
1118 2238 1160 2266 MS
1156 2237 1191 2265 >ε
1181 2249 1202 2264 ει
1226 2236 1257 2274 μὲ
1260 2248 1272 2263 ν
1295 2238 1347 2269 οὖν,
1364 2246 1412 2274 ουχ
1434 2234 1502 2263 ούτω
1527 2235 1569 2271 δὲ,
1585 2237 1620 2268 ὡς
1645 2247 1691 2264 και
1707 2231 1785 2274 νόμον

1025 2287 1106 2313 θεῖναι
1125 2283 1191 2323 ὑπὲρ
1211 2282 1310 2311 τούτου.
1323 2281 1406 2310 Ωστε
1422 2283 1445 2310 εἰ
1466 2281 1502 2320 μὴ
1528 2281 1596 2320 μέγα
1611 2293 1636 2310 τι
1649 2281 1784 2320 ᾐνίττετο,

1026 2344 1037 2360 ε
1030 2330 1191 2370 γγυμνάζων
1209 2334 1261 2362 τοῖς
1281 2329 1382 2366 ἀλόγοις
1395 2340 1455 2360 τους
1475 2327 1614 2360 Ἰουδαίους
1629 2329 1664 2360 εἷς
1677 2328 1707 2356 τὸ
1719 2330 1786 2356 εἰναι

1027 2379 1071 2416 φ’.)
1073 2375 1237 2416 ανθρώπους,
1251 2386 1295 2403 και
1312 2374 1364 2403 ἀπὸ
1376 2373 1471 2403 τούτων
1486 2373 1530 2402 καὶ
1551 2373 1610 2413 περὶ
1634 2374 1686 2401 τῶν
1709 2374 1785 2402 διδα-

1023 2422 1129 2452 σκάλων
1145 2423 1230 2453 αὐτοῖς
1246 2420 1439 2458 διαλεγόμενος,
1453 2421 1500 2448 οὐκ
1511 2418 1541 2447 ἂν
1554 2418 1681 2455 τοσαύτην
1696 2419 1786 2454 ἐποιη-

1072 2530 1081 2541 ι·
1100 2522 1156 2554 Reg>
1173 2522 1212 2553 [et
1225 2521 1265 2553 Α,]
1277 2523 1398 2554 τέταρτον,
1410 2519 1481 2544 mule.
