1891 2866
82 305 141 326 llu‘tl.
154 303 187 325 13.
201 308 212 329 7

83 488 150 510 Itum,
166 496 180 519 9
201 489 223 511 3.

105 1885 119 1905 Α
126 1885 183 1905 nima
191 1890 244 1911 qun-

103 1916 169 1936 „tudo
207 1922 244 1934 tu-

105 1947 180 1967 ian-ta.

238 181 305 225 333,
565 188 593 210 s.

235 252 424 292 despicienda,
447 257 472 279 et
490 260 547 289 quae
571 249 678 278 nullum
699 248 796 277 habeat
820 247 934 280 fastum3
951 252 976 274 et

237 309 347 328 rursus:
366 299 439 336 Opto
461 306 514 325 ‘vos
539 296 615 324 nihil
638 295 711 323 mali
731 296 848 333 facere,
867 303 902 320 ne
925 302 976 320 nos

235 346 350 384 probati
365 344 527 372 videamur.
542 341 578 382 Et
593 340 659 379 quid
675 340 784 374 mirum,
800 339 821 367 si
838 339 907 366 hauc
923 336 974 364 dc-

237 391 314 430 spicit
325 388 457 430 gloriam?
467 388 522 424 Qui
534 387 604 415 enim
616 397 757 425 supernam
769 385 843 412 illam
852 381 977 422 despicit,

238 444 266 465 ut
289 444 314 464 et
339 445 452 474 reguum
476 441 500 462 et
527 433 690 472 gehennam,
707 430 852 459 seeundum
875 427 977 457 Christi

237 482 366 523 placitum
377 485 460 520 (optat
473 479 544 508 0111111
556 489 610 507 esse
625 477 764 506 anathema
779 487 793 504 a
805 475 912 504 Christo
929 483 977 512 pro

237 528 337 558 Christi
352 527 453 566 gloria:
469 537 530 554 nam
545 525 647 553 etiamsi
662 534 710 563 pro
722 522 823 552 Juslaeis
835 521 886 549 hoe
898 531 925 548 sc
936 519 978 547 di-

236 581 277 603 cat
299 574 368 603 velle
392 573 462 613 pati,
483 572 532 600 hoc
549 571 630 605 dicit,
651 581 683 597 ne
703 569 762 607 quis
785 567 882 596 stultus
904 573 979 606 putet

236 621 326 660 ipsum
345 618 533 659 promissiones
554 617 608 644 illis
631 616 714 643 saetas
737 614 787 642 sibi
809 615 924 649 sumere)
937 624 943 639 :
956 611 980 640 si

622 189 658 211 JO
667 187 760 210 mais
787 185 967 209 ct-mYSOST.

238 667 282 696 ille
298 677 360 705 ergo
372 672 480 705 paratus
495 670 550 692 crat
570 673 598 690 ea
614 661 760 701 praeterire,
778 659 845 698 quid
861 658 978 694 miraris,

238 713 261 741 si
275 714 391 741 humana
415 709 549 749 despicit?
574 708 627 737 Sed
643 718 687 736 eos
703 707 749 745 qui
765 717 836 734 nunc
855 712 918 734 sunt
934 705 981 733 de-

238 765 361 798 mergunt
376 756 474 791 onmia,
491 767 543 784 uon
558 755 644 783 solum
661 753 752 792 gloriae
767 752 912 792 cupiditas,
934 751 982 781 sed

237 806 317 834 ctiam
338 802 511 835 eontrarium,
532 800 693 829 contumelia
715 806 740 828 et
754 806 841 828 metus
855 798 981 828 infamiae.

238 853 307 880 Nam
321 857 346 878 et
366 849 388 878 si
403 848 538 887 quispiam
552 846 712 879 laudaverit,
726 845 894 882 intumescis,
909 852 934 874 et
959 844 982 873 si

238 894 441 936 vituperaverit,
462 893 629 933 deprimeris.
648 892 683 921 Et
703 892 770 921 sicut
795 902 905 931 corpora
932 891 984 920 im-

239 942 335 971 becilla
359 940 533 969 offenduntur
555 939 627 967 vela
648 938 822 977 quibuslibet,
844 938 881 966 ita
904 938 984 966 etiam

241 988 347 1029 pusillae
360 994 385 1016 et
401 987 510 1026 abjectae
524 985 628 1014 animae.
648 985 700 1014 Eos
712 985 784 1013 enim
797 984 844 1023 qui
859 991 920 1013 sunt
934 984 985 1012 liu-

239 1034 369 1075 jusmodi,
384 1045 435 1062 non
451 1034 538 1061 solum
553 1039 705 1072 paupertas,
727 1031 772 1060 seit
789 1032 868 1060 etiam
882 1031 986 1060 divitiae

244 1081 376 1121 perdunt;
392 1090 444 1108 uon
458 1078 565 1107 tristitia
580 1078 677 1113 solum,
691 1077 738 1106 sed
752 1077 832 1106 etiam
846 1077 986 1116 gaudium,

245 1135 271 1156 ct
290 1138 348 1165 quae
369 1132 431 1154 sunt
449 1123 570 1164 jucunda
594 1124 679 1162 magis
701 1135 783 1162 quam
808 1135 866 1162 quae
887 1123 984 1152 tristia.

246 1176 315 1204 Nam
332 1180 472 1214 paupertas
487 1172 596 1211 quidem
616 1172 687 1210 cogit
706 1183 762 1200 esse
776 1178 985 1211 temperantem,

244 1221 345 1250 divitia:
357 1227 445 1248 autem
456 1230 525 1258 saepe
538 1218 656 1247 educunt
668 1219 748 1247 etiam
759 1218 795 1247 ad
806 1218 916 1257 aliquod
931 1229 988 1247 ma-

245 1278 329 1305 gnum
345 1266 456 1295 malum.
474 1265 509 1294 Et
524 1264 592 1293 sicut
608 1265 653 1303 qui
679 1265 841 1299 febricitant,
854 1265 888 1293 ab
903 1265 990 1293 omni—

246 1314 296 1342 bus
310 1312 498 1342 offenduntur:
519 1311 556 1339 ita
580 1311 625 1349 qui
641 1317 701 1339 sunt
720 1311 809 1339 auimo
824 1318 948 1350 corrupto
962 1317 989 1339 et

247 1362 405 1401 depravatu,
422 1359 557 1388 lmduntur
569 1359 603 1387 ab
618 1358 751 1387 omnibus.

288 1410 316 1436 6.
330 1407 392 1435 Hoec
404 1416 466 1444 ergo
479 1416 540 1433 cum
550 1405 674 1441 sciamus,
684 1415 716 1433 ne
727 1404 861 1443 fugiamus
875 1416 990 1445 pauper-

250 1459 339 1487 tatem,
353 1462 436 1489 neque
452 1448 751 1485 admiremurdivitias,
762 1448 808 1477 sed
823 1449 942 1477 animum
954 1451 991 1479 ita

249 1508 435 1538 comparemus
459 1504 486 1524 ut
502 1496 536 1524 sit
557 1502 635 1535 aptus
656 1503 681 1524 ct
702 1495 813 1524 idoneus
837 1495 871 1524 ad
893 1497 990 1526 omnia.

250 1546 319 1573 Nam
333 1544 380 1582 qui
399 1543 511 1571 domurn
532 1541 659 1578 aedificat,
672 1552 724 1569 non
748 1552 778 1570 eo
797 1549 906 1581 spectat,
922 1544 992 1572 utin

251 1603 308 1620 eam
323 1602 374 1619 nou
385 1589 463 1618 cadat
474 1588 578 1628 pluvia,
596 1598 680 1626 neque
690 1595 719 1616 ut
729 1587 764 1616 ad
775 1599 832 1617 eam
843 1599 893 1617 nou
907 1591 995 1619 veniat

252 1635 359 1671 radius;
379 1634 428 1663 hoc
443 1634 514 1662 euim
534 1633 592 1661 fieri
609 1633 718 1670 nequit,
734 1632 779 1661 sed
800 1640 830 1662 ut
854 1633 889 1662 ad
905 1634 995 1663 omnia

251 1681 358 1710 ferenda
371 1688 432 1720 apta
446 1679 481 1708 sit
494 1687 519 1708 et
531 1678 635 1708 idonea.
654 1678 687 1707 Et
702 1679 749 1717 qui
764 1690 861 1708 navem
876 1680 994 1709 fabrica-

252 1737 306 1765 tur,
320 1739 372 1756 non
386 1727 412 1755 id
423 1733 498 1755 curat
507 1733 536 1753 ut
551 1725 578 1753 in
590 1736 648 1753 eam
662 1735 714 1753 non
728 1725 878 1764 irrumpant
890 1726 995 1764 fluctus,

253 1783 337 1810 neque
349 1779 377 1799 ut
389 1782 439 1799 non
454 1770 584 1798 excitetur
599 1768 679 1797 maris
690 1775 847 1808 tempesta53
862 1770 913 1798 hoc
925 1771 995 1799 enim

255 1819 311 1848 fieri
335 1818 443 1856 nequit;
459 1816 506 1845 sed
525 1823 553 1844 ut
573 1815 648 1844 navis
672 1815 790 1844 tabulata
808 1823 869 1855 apta
889 1817 941 1845 sint
962 1817 996 1845 ad

255 1864 353 1894 omnia.
366 1865 468 1892 Rursus
493 1862 539 1901 qui
564 1872 656 1890 curam
671 1861 739 1899 gerit
753 1862 881 1901 corporis,
900 1873 951 1892 non
967 1874 997 1892 eo

257 1917 355 1950 spectat
368 1916 396 1937 ut
408 1920 459 1937 non
476 1908 509 1937 sit
523 1907 590 1936 aeris
601 1907 766 1945 inaequalitas
781 1915 804 1936 et
818 1908 996 1948 intemperies,

257 1955 303 1984 sed
315 1961 343 1982 ut
354 1964 450 1993 corpus
465 1953 555 1982 omnia
569 1952 625 1980 haec
639 1952 716 1980 facilc
729 1952 803 1980 ferat.
816 1952 860 1982 Sic
871 1953 950 1981 etiam
961 1954 999 1982 sa-

258 2002 358 2030 ciamus
384 2001 410 2028 in
433 2000 531 2032 anima,
544 2006 570 2027 et
593 1998 713 2027 studium
735 2010 878 2038 ponamus,
895 2010 947 2028 non
970 2008 1000 2029 ut

258 2053 441 2087 paupertatem
456 2046 599 2084 fugiamus,
607 2056 690 2083 neque
700 2052 729 2074 ut
741 2047 825 2075 simus
834 2046 941 2084 divites,
953 2047 1000 2076 sed

999 184 1152 206 Alienum.
1182 182 1286 205 CONs'T
1296 182 1447 204 manoe.

1034 246 1078 273 καὶ
1095 244 1228 282 βασιλείας
1242 243 1285 271 καὶ
1300 242 1404 280 γεέννης
1419 242 1461 270 διὰ
1474 242 1502 270 τὸ
1524 243 1560 282 τῷ
1575 242 1681 281 Χριστῷ
1705 243 1797 271 δοκοῦν

1033 289 1148 329 (καὶγὰρ
1160 288 1278 325 ἀνάθεμα
1290 288 1394 327 εὔχεται
1406 282 1472 316 εἶναι
1484 288 1536 316 ἀπὸ
1549 290 1592 316 τοῦ
1603 288 1716 326 Χριστοῦ
1731 288 1796 326 ὑπὲρ

1033 338 1080 370 τῆς
1104 337 1148 363 τοῦ
1174 335 1288 373 Χριστοῦ
1310 334 1384 369 δόξης
1394 345 1399 350 ·
1425 333 1472 362 κᾶν
1498 333 1550 373 γὰρ
1573 333 1640 373 ὑπὲρ
1665 333 1796 362 Ἰουδαίων

1034 383 1108 408 τοῦτο
1122 380 1186 419 λέγῃ
1204 379 1340 417 βούλεσθαι
1355 380 1466 419 πάσχειν
1477 403 1484 415 ,
1500 380 1543 408 διὰ
1561 382 1634 408 τοῦτο
1655 379 1739 418 λέγει,
1755 379 1796 408 ἵνα

1035 425 1071 464 μὴ
1088 425 1147 464 δόξῃ
1159 438 1198 458 τις
1211 428 1262 454 τῶν
1279 425 1395 460 ἀνοήτων
1409 425 1634 464 ἐπιλαμὲάνεσθαι
1649 427 1700 453 τῶν
1715 426 1799 464 ἐπαγ-

1034 473 1126 510 γελιῶν
1153 473 1204 501 τῶν
1226 472 1290 511 πρὸς
1315 471 1407 504 αὖτοὺς
1431 471 1625 510 γεγενημένων)
1637 483 1642 488 ·
1669 472 1690 499 εἷ
1713 470 1798 499 τοίνυν

1035 519 1121 546 ἐκεῖνα
1135 519 1316 557 παραδραμεῖν
1328 518 1430 556 ἕτοιμος
1439 542 1446 554 ,
1458 519 1483 547 τί
1499 518 1637 556 Θαυμοίζεις
1646 539 1653 551 ,
1669 519 1691 546 εἷ
1704 518 1737 547 τὰ
1750 519 1798 546 ἆν-

1036 564 1146 604 Ορώπων
1163 566 1293 604 ὑπερορᾷς
1309 565 1387 594 Ἀλλὰ
1401 565 1460 597 τοὺς
1479 568 1523 593 νῦν
1542 565 1646 593 ἅπαντα
1666 565 1800 603 βαπτίζει,

1036 612 1063 639 οὐ
1080 610 1152 646 δόξης
1167 611 1291 648 ἐπιθυμία
1312 611 1401 649 μόνον,
1422 611 1489 639 ἀλλὰ
1509 610 1554 639 καὶ
1567 611 1715 639 τούναντίον
1727 610 1800 649 ssepi<

1035 657 1080 685 καὶ
1092 657 1198 695 ἀτιμίας
1212 657 1276 690 δέος.
1289 657 1332 686 Ἂν
1346 670 1374 686 τε
1388 657 1438 696 γὰρ
1453 657 1576 694 ἐπαινέσῃ
1591 669 1644 692 τις,
1657 657 1800 695 ε’φυσήθης,

1036 703 1066 731 ἄν
1080 715 1108 732 τε
1123 703 1200 743 ψέξῃ,
1216 703 1379 742 κατηνέχῡης
1398 703 1438 731 ἄν.
1459 703 1511 731 Καὶ
1525 703 1644 742 καθάπερ
1658 702 1692 731 τὰ
1706 705 1800 737 ἀσθενῆ

1037 749 1149 788 σώματα
1170 750 1213 779 καὶ
1233 750 1284 778 ἀπὸ
1307 752 1359 778 τῶν
1377 749 1508 788 τυχόντων
1527 749 1714 789 ἐπηρεάζεται,
1733 748 1801 777 οὕτω

1036 796 1081 824 καὶ
1096 799 1122 825 αἱ
1135 797 1298 836 χαμαίζηλοι
1318 795 1408 835 ψυχαί.
1424 795 1492 828 Τοὺς
1503 796 1553 835 γὰρ
1567 795 1696 828 τοιούτους
1712 797 1740 825 οὐ
1754 808 1803 824 πε-

1037 842 1079 871 νία
1103 843 1195 880 μόνον,
1213 842 1280 871 ἀλλὰ
1301 842 1345 871 καὶ
1367 843 1476 874 πλοῦτος
1496 841 1655 877 ἀπόλλυσιν,
1680 843 1709 870 οὐ
1732 841 1801 876 λύπη

1039 889 1130 927 μόνον,
1143 888 1211 917 ἀλλὰ
1225 890 1269 917 καὶ
1283 888 1354 928 χαρὰ
1364 911 1371 925 ,
1386 888 1431 917 καὶ
1444 887 1477 916 τὰ
1494 887 1598 927 χρηστὰ
1614 889 1727 926 μᾶλλον,
1738 887 1755 922 ἢ
1770 887 1803 916 τὰ

1037 934 1151 974 λυπηρά.
1164 935 1197 963 ‘H
1214 934 1260 973 μὲν
1275 936 1325 975 γὰρ
1339 935 1416 963 πενία
1434 934 1478 963 καὶ
1493 939 1633 974 σωφρονεῖν
1649 933 1804 972 ἀναγκάζει,

1040 984 1053 1010 ὁ
1068 980 1095 1010 δὲ
1107 981 1216 1013 πλοῦτος
1233 981 1277 1010 καὶ
1299 983 1334 1013 εἷς
1348 981 1426 1010 κακόν
1445 993 1470 1009 τι
1483 981 1551 1019 μέγα
1572 980 1656 1019 ἐξάγει
1669 979 1805 1013 πολλάκις.

1041 1027 1093 1056 Καὶ
1107 1026 1196 1066 ὥσπερ
1215 1028 1239 1055 οἱ
1259 1027 1427 1065 πυρέττοντες
1447 1027 1511 1065 πρὸς
1527 1026 1612 1055 πάντα
1626 1026 1676 1055 εἶσὶ
1697 1026 1805 1064 δυσάρε-

1042 1085 1111 1109 στοι,
1127 1073 1194 1102 οὕτω
1209 1074 1253 1102 καὶ
1272 1075 1296 1102 οἱ
1311 1073 1492 1113 διεφθαρμένοι
1508 1073 1555 1108 τὴν
1575 1073 1661 1113 ψυχὴν
1679 1072 1805 1101 πάντοθεν

1042 1121 1214 1155 πλήττονται.

1085 1399 1168 1426 Ταῦτ’
1184 1393 1226 1426 οὖν
1241 1398 1336 1430 εἰδότες
1345 1421 1353 1434 ,
1367 1398 1403 1436 μὴ
1417 1397 1507 1427 πενίαν
1520 1397 1668 1437 φεύγωμεν,
1684 1397 1721 1435 μὴ
1733 1399 1812 1426 πλοῦ-

1046 1455 1089 1471 τον
1103 1444 1289 1482 θαυμάζωμεν,
1300 1443 1368 1472 ἀλλὰ
1383 1443 1429 1478 τήν
1441 1443 1527 1483 ψυχὴν
1547 1444 1611 1483 πρὸς
1621 1443 1708 1472 πάντα
1719 1443 1812 1479 ἱκανὴν

1048 1490 1292 1527 κατασκευάζωμεν.
1309 1490 1361 1518 Καὶ
1374 1489 1423 1528 γὰρ
1436 1490 1518 1518 οἰκίαν
1532 1502 1571 1523 τις
1585 1490 1812 1528 οἰκοδομούμενος,

1048 1537 1076 1563 οὐ
1095 1539 1170 1564 τοῦτο
1184 1539 1276 1564 σκοπεῖ
1289 1535 1359 1568 ὅπως
1376 1536 1443 1574 μήτε
1457 1536 1527 1569 ὑετὸς
1547 1537 1588 1564 ἐπ’
1609 1535 1689 1571 αὐτὴν
1710 1547 1813 1564 κατενε-

1049 1581 1123 1620 χθείη
1133 1604 1140 1617 ,
1158 1581 1224 1619 μήτε
1243 1581 1315 1614 ἀκτὶς
1330 1581 1400 1610 ἔλθοι
1411 1594 1417 1600 ·
1433 1585 1509 1611 τοῦτο
1521 1582 1571 1621 γὰρ
1584 1582 1721 1621 ἀμήχανον
1735 1593 1740 1598 ·
1757 1582 1815 1610 ἀλλ’

1049 1627 1119 1661 ὅπως
1133 1627 1199 1663 αὐτὴ
1215 1627 1291 1661 ἱκανὴ
1304 1627 1403 1666 γένοιτο
1422 1628 1508 1656 πάντα
1523 1628 1617 1668 φέρειν,
1629 1628 1682 1657 Καὶ
1696 1629 1709 1656 ὁ
1724 1629 1814 1656 πλοῖον

1014 1683 1032 1706 Ε
1052 1673 1078 1701 δὲ
1094 1673 1305 1711 τεκταινόμενος,
1320 1675 1368 1713 οὐχ
1381 1674 1450 1706 ὅπως
1465 1673 1501 1711 μὴ
1521 1673 1627 1712 κύματα
1644 1675 1715 1713 αὐτῷ
1735 1685 1816 1712 προσ-

1055 1720 1150 1760 ρήξειε,
1169 1720 1235 1758 μηδὲ
1254 1719 1356 1759 χειμὼν
1377 1720 1466 1759 ἀρθείη
1484 1721 1632 1758 θαλάσσης,
1646 1724 1715 1750 ποιεῖ
1732 1732 1759 1748 τι
1773 1719 1817 1748 καὶ

1054 1772 1205 1805 μηχανᾶται
1217 1778 1223 1783 ·
1239 1767 1284 1795 καὶ
1297 1766 1348 1805 γὰρ
1361 1767 1406 1795 καὶ
1420 1769 1496 1795 τοῦτο
1511 1766 1648 1806 ἀμήχανον
1660 1779 1665 1784 ’
1679 1767 1737 1795 ἀλλ’
1747 1766 1819 1798 ὅπως

1053 1814 1076 1841 οἱ
1089 1818 1172 1852 τοῖχοι
1184 1816 1230 1848 τῆς
1243 1812 1305 1845 νεὼς
1324 1813 1388 1852 πρὸς
1399 1813 1503 1842 ἅπαντα
1517 1808 1566 1842 εἷεν
1579 1813 1730 1848 ἐπιτήδειοι.
1741 1813 1794 1842 Καὶ
1805 1814 1820 1841 ὁ

1055 1858 1174 1896 σώματος
1187 1859 1327 1898 φροντίζων
1345 1858 1423 1888 πάλιν
1439 1861 1468 1887 οὐ
1480 1863 1554 1888 τοῦτο
1575 1864 1683 1895 σκοπεῖ,
1695 1859 1765 1891 ὅπως
1780 1859 1817 1896 μὴ

1055 1905 1192 1943 ἀνωμαλία
1203 1905 1285 1944 ἀέρων
1298 1904 1397 1944 γένοιτο
1405 1928 1411 1939 ,
1426 1906 1484 1933 ἀλλ’
1494 1905 1564 1937 ὅπως
1575 1905 1604 1933 τὸ
1619 1907 1696 1943 σῶμα
1708 1905 1819 1938 εὐκόλως

1056 1952 1160 1980 ἅπαντα
1170 1954 1254 1981 ταῦτα
1267 1952 1349 1991 φέροι.
1365 1951 1443 1980 Οὕτω
1458 1951 1542 1981 τοίνυν
1559 1951 1604 1980 καὶ
1618 1951 1662 1981 ἐπὶ
1674 1955 1720 1988 τῆς
1733 1953 1818 1992 ψυχῆς

1055 1999 1187 2036 ποιῶμεν,
1203 1997 1247 2026 καὶ
1265 1997 1301 2035 μὴ
1322 1997 1392 2030 ὅπως
1408 1998 1530 2037 φύγωμεν
1547 1998 1653 2034 πενίαν,
1669 1998 1734 2036 μηδὲ
1748 1998 1819 2030 ὅπως

1056 2044 1213 2083 ὴγενώμεθα
1233 2044 1352 2073 πλούσιοι
1374 2044 1571 2083 σπουδάζωμεν,
1590 2046 1647 2074 ἀλλ’
1666 2045 1736 2077 ὅπως
1755 2044 1820 2084 πρὸς

260 2102 289 2123 ut
307 2092 516 2131 unumquodque
531 2103 563 2120 ex
578 2092 611 2120 iis
632 2091 668 2120 ita
681 2099 835 2130 tractemus,
848 2100 877 2122 ut
894 2093 921 2122 in
942 2100 1000 2123 tuto
1010 2108 1046 2126 330
1056 2091 1102 2127 τὴν
1115 2093 1213 2119 ἑαυτῶν
1226 2091 1370 2130 ἀσφάλειαν
1383 2090 1491 2120 ἕκαστον
1514 2091 1611 2121 τούτων
1631 2091 1819 2131 μεταχειρίσαι-

260 2141 431 2170 collocemur.
445 2139 586 2177 Propterea
604 2138 648 2166 his
659 2138 787 2173 dimissis,
804 2146 830 2168 et
850 2139 956 2169 divitiis
976 2148 1002 2170 et.
1019 2136 1038 2157 Α
1057 2149 1114 2175 μίν·
1129 2137 1176 2165 Δῑὸ
1195 2139 1278 2165 ταῦτα
1291 2136 1410 2175 ἅφένῒέςη
1423 2138 1659 2176 κατασκευάζωμεν
1671 2137 1719 2173 τὴν
1732 2137 1819 2178 ψυγὴν

262 2185 411 2227 paupertati
426 2191 516 2224 aptam
531 2184 889 2214 efficiamusanimam.Nam
898 2186 1002 2216 etiamsi

263 2233 331 2262 nihil
346 2231 457 2260 humani
469 2229 581 2266 accidat,
596 2229 669 2268 quod
683 2230 793 2268 quidem
807 2238 836 2260 ut
853 2232 1002 2271 plurimum

263 2277 320 2305 lieri
329 2287 381 2304 non
390 2281 485 2315 potest,
494 2274 531 2303 sic
541 2284 645 2312 quoque
653 2273 701 2302 erit
713 2274 806 2303 melior
815 2275 861 2313 qui
870 2286 921 2304 non
933 2288 1003 2315 quae-

263 2323 298 2351 rit
312 2321 431 2357 divitias,
447 2320 493 2350 sed
503 2320 592 2349 omnia
608 2319 685 2348 facile
699 2327 784 2359 potest
794 2321 871 2358 serre,
888 2333 968 2360 quam
981 2323 1003 2352 is

264 2369 309 2407 qui
333 2378 436 2407 semper
457 2374 495 2395 est
519 2366 605 2395 dives.
622 2366 735 2400 Quare?
749 2366 870 2395 Primum
883 2368 1003 2406 quidem,

263 2413 308 2451 qui
318 2420 356 2441 est
368 2410 533 2450 hujusmodi,
545 2421 578 2439 ex
593 2421 620 2439 se
633 2417 657 2439 et
671 2409 743 2449 apud
753 2411 871 2440 sehabet
885 2412 958 2450 quod
970 2413 1003 2441 sit

266 2461 292 2488 111
309 2467 378 2495 tuto,
394 2459 438 2487 1110
451 2466 539 2487 autem
555 2457 725 2487 extrinsecus.
739 2457 773 2486 Et
787 2458 853 2487 sicut
871 2459 946 2488 miles
958 2460 1003 2489 illc

297 2557 309 2574 *⁸
328 2554 464 2589 [γενοίμεθα
474 2555 500 2578 Α.
514 2554 551 2587 B.]

1056 2183 1101 2212 καὶ
1112 2182 1215 2222 πλούτῳ
1227 2183 1272 2211 καὶ
1286 2182 1362 2222 πενίᾳ
1376 2183 1534 2218 ἐπιτηδείαν.
1548 2184 1603 2213 Κᾶν
1617 2184 1668 2224 γὰρ
1683 2185 1764 2222 μηδὲν
1776 2187 1820 2214 ἀν-

1058 2229 1184 2268 Θρώπινον
1198 2228 1328 2268 συμβαίνῃ
1337 2251 1344 2264 ,
1356 2230 1420 2268 ὅπερ
1433 2231 1468 2263 ὡς
1479 2230 1513 2259 τὰ
1524 2230 1610 2260 πολλὰ
1626 2231 1760 2267 ἀδύνατον,
1775 2232 1820 2260 καὶ

1058 2275 1126 2305 οὕτω
1139 2276 1246 2314 βελτίων
1262 2278 1274 2304 ὁ
1287 2275 1323 2314 μὴ
1341 2277 1451 2304 πλοῦτον
1463 2279 1560 2313 ζητῶν,
1575 2278 1633 2306 ἀλλ’
1648 2277 1722 2310 εἰδὼς
1734 2277 1820 2306 πάντα

1059 2323 1143 2362 φέρειν
1163 2323 1289 2358 εὐκόλως,
1310 2325 1354 2350 τοῦ
1371 2323 1511 2356 διαπαντὸς
1524 2324 1703 2356 πλουτοῦντος.
1717 2324 1753 2353 Τί
1771 2324 1820 2359 δή·

1059 2380 1137 2404 ποτε;
1153 2369 1262 2407 Πρῶτον
1285 2368 1331 2406 μὲν
1353 2371 1366 2398 ὁ
1379 2371 1493 2402 τοιοῦτος
1507 2369 1604 2398 οἴκοθεν
1619 2370 1674 2409 ἔχει
1689 2369 1719 2398 τὸ
1733 2372 1820 2409 ἀσφα-

1058 2414 1117 2452 λὲς,
1133 2416 1228 2448 ἐκεῖνος
1244 2414 1271 2443 δὲ
1287 2415 1387 2449 ἔξωθεν.
1403 2416 1455 2444 Καὶ
1473 2415 1562 2455 ὥσπερ
1576 2416 1738 2455 στρατιώτης
1759 2418 1820 2455 βελ-

1058 2461 1119 2490 τίων
1133 2464 1146 2490 ὁ
1156 2463 1192 2500 τῷ
1206 2461 1309 2499 σώματι
1323 2463 1423 2501 ῡαῤῥῶν
1436 2461 1480 2491 καὶ
1491 2464 1522 2500 τῇ
1537 2462 1617 2503 τέχνῃ
1630 2467 1674 2493 τοῦ
1687 2467 1821 2503 πολεμεῖν,
