1891 2866
532 154 564 176 IN
593 152 698 176 EmsT.
731 153 753 173 Ι.

69 216 180 249 ἐκείνους
194 216 282 256 φησὶν,
296 215 361 244 Οτι
393 215 448 245 οὐδε
450 228 463 243 ν
480 216 609 244 ειοωλονε
597 227 624 244 εν
648 214 754 253 κόσμον
769 212 833 252 πρὸς

70 265 96 293 δὲ
111 262 213 295 τούτους
223 285 231 298 ,
243 261 308 291 Ὅτι
320 262 401 295 οὐδεις
415 261 596 302 Θεοί-ἔτερος,
613 264 635 291 εἷ
650 261 687 300 μὴ
700 262 744 294 εἷς.

113 673 194 712 Ὁρᾷς
209 673 265 706 πῶς
280 673 329 711 οὐχ
344 672 433 705 ἁπλῶς
450 672 612 710 δογματίζων
628 672 722 712 γράφει
740 674 833 706 ταῦτα,
846 688 881 706 172

785 151 803 173 A
809 151 829 173 D
855 150 915 173 COR
922 163 930 170 .

959 148 1075 171 HOMIL.
1106 148 1164 170 XX.
1561 146 1621 168 201

886 210 1006 246 mundo,
1019 215 1046 238 et
1063 209 1141 248 quod
1156 219 1214 237 non
1231 211 1267 238 sit
1285 210 1364 239 Deus
1375 208 1452 237 alius
1473 209 1529 236 nisi
1544 217 1627 235 unus.

887 256 947 284 Non
962 261 1023 284 sunt
1037 264 1100 293 ergo
1112 254 1207 283 idola?
1223 264 1273 282 non
1290 261 1351 283 sunt
1365 253 1478 282 stature?
1491 253 1559 281 Sunt
1571 251 1630 290 qui-

887 303 959 337 dem,
971 301 1017 330 sed
1029 301 1130 329 nullam
1146 301 1202 329 vim
1213 300 1325 338 habent5
1343 310 1426 338 ncquc
1441 299 1481 327 dii
1495 306 1568 335 sunt,
1583 297 1631 326 sed

887 347 990 388 lapides
1007 354 1032 376 et
1050 347 1190 376 daemones.
1206 346 1247 375 Ad
1262 354 1389 384 utrosque
1403 345 1473 374 0111111
1487 355 1558 373 1111110
1571 354 1631 372 ora-

889 394 989 423 tionem
1003 393 1107 433 dirigit,
1123 400 1148 422 et
1161 392 1197 421 ad
1209 393 1349 421 crassiores
1362 398 1388 420 ct
1400 391 1435 419 ad
1451 401 1495 419 eos
1509 390 1556 428 qui
1570 390 1631 429 phi-

889 441 1025 482 losophari
1036 441 1171 470 videntur.
1181 440 1252 476 Quia
1263 440 1333 468 enim
1343 438 1389 467 alii
1397 437 1466 467 nihil
1476 438 1537 477 plus
1546 437 1633 466 sciunt

889 499 968 526 quam
989 487 1090 527 lapides
1102 510 1109 524 ‚
1119 487 1166 516 alii
1183 497 1246 516 vero
1260 486 1355 514 dicunt
1370 486 1485 513 virtutes
1504 483 1632 521 quasdam

890 535 917 563 111
932 535 985 563 illis
996 534 1127 571 habitare,
1140 544 1205 572 quas
1217 533 1296 562 etiam
1306 533 1369 561 deos
1380 538 1492 568 vocant5
1506 531 1561 559 illis
1571 531 1633 568 qui-

889 580 952 610 dem
960 581 1026 610 dicit
1036 580 1140 609 nullum
1151 590 1206 609 cssc
1217 579 1321 608 idolum
1331 579 1357 607 in
1367 577 1478 613 mundo,
1489 576 1549 606 aliis
1559 587 1634 612 vem,

892 638 943 656 non
955 638 1010 656 esse
1025 628 1113 655 Deum
1127 626 1154 654 in
1165 625 1266 654 mundo
1277 625 1328 653 nisi
1341 635 1434 652 unum.

931 676 959 703 5.
975 673 1072 703 Viden'
1094 672 1228 711 quomodo
1242 682 1294 700 non
1309 672 1408 700 frustra
1421 670 1519 709 dogma
1533 669 1636 698 consti-

73 719 142 748 ἆλλὰ
158 719 222 758 πρὸς
245 718 442 753 ἇντῑδῑαστολῆν
466 720 517 746 τῶν
538 718 645 753 ἔξωθεν;
668 718 711 746 καὶ
726 717 777 757 γὰρ
793 716 837 745 καὶ
856 717 874 738 A
892 728 968 750 tuens
988 719 1045 748 brec
1058 719 1176 755 scribat,
1193 717 1238 747 sed
1262 717 1296 746 ad
1311 716 1491 746 differentiam
1508 722 1636 744 externo-

73 769 149 795 τοῦτο
163 769 298 804 πανταχοῦ
316 764 367 803 χρὴ
385 768 555 804 παρατηρεῖν,
571 764 623 793 εἴτε
639 763 838 801 ἁπολελυμένως

74 812 145 851 λέγει
168 824 210 847 τι,
234 812 285 840 εἴτε
305 811 367 850 πρός
388 823 458 843 τινας
481 811 628 848 ἱστάμενος.
652 810 721 838 Οῦῖὲ
740 809 790 847 γὰρ
809 808 838 837 τὸ

74 858 153 898 τυχὸν
175 860 211 890 εἷς
230 857 277 893 τὴν
298 859 350 885 τῶν
366 857 502 895 δογμάτων
517 859 599 894 3ἡμῖν
614 855 748 895 ἀκρίὸειαν
763 858 840 884 τοῦτο

75 905 205 938 συντελεῖ,
221 903 265 932 καὶ
280 904 315 935 εἰς
330 902 409 936 αὐτὴν
424 904 475 930 τῶν
490 902 636 940 λεγομένων
650 901 698 935 τὴν
713 901 840 936 κατανόη-

75 963 126 980 σιν.
151 949 202 979 Και
220 949 271 988 γὰρ
285 949 358 988 εἴπερ
372 950 394 977 ε’
390 960 422 976 ,σι
435 948 570 986 λεγόμενοι
585 947 665 982 Θεοι,
683 947 720 976 εἶτ
722 959 734 976 ε
751 959 777 975 εν
793 948 840 975 οὖ-

77 998 146 1036 ρανῷ
166 996 217 1025 εἴτε
238 995 281 1024 ἐπι
299 997 362 1033 γῆς,
382 994 472 1033 ὠσπερ
487 997 529 1022 οὖν
543 994 592 1022 εἶσὶ
608 997 634 1022 θε
626 993 660 1022 -οὶ
674 993 780 1026 πολλοὶ,
795 993 840 1022 καὶ

75 1043 159 1082 κύριοι
173 1041 282 1071 πολλοί·
303 1042 361 1071 ἀλλ’
386 1042 449 1078 ἡμῖν
472 1036 506 1072 εἷς
525 1040 592 1072 Θεὸς
606 1042 619 1068 ὁ
635 1039 748 1079 Πατὴρ,
772 1039 798 1072 ἐξ
811 1042 839 1067 οὗ

75 1089 109 1118 τὰ
127 1088 228 1123 πάντα,
248 1100 292 1117 και
311 1090 388 1126 ἡμεῖς
404 1088 440 1120 εἷς
455 1086 547 1115 αὐτόν·
563 1098 607 1115 και
620 1082 656 1118 ε’ῖς
672 1086 768 1125 Κύριος
783 1085 840 1121 Ἰη-

76 1139 136 1168 σοῦς
146 1135 276 1175 Χριστὸς,
292 1135 325 1163 δι’
341 1129 369 1163 οἷ
387 1133 419 1162 τὰ
433 1133 519 1162 πάντα
529 1156 537 1169 ,
553 1132 598 1161 καὶ
613 1135 689 1170 ἡμεῖς
704 1133 737 1160 δι’
754 1134 840 1162 αὐτοῦ.

77 1180 187 1216 Ἐπειδὴ
204 1176 284 1216 εἶπεν,
297 1181 336 1209 ὅτι
351 1179 423 1208 οὐδὲν
435 1180 540 1208 εἴδωλον
553 1178 597 1207 καὶ
608 1177 688 1211 οὐδεὶς
701 1178 769 1212 Θεὸς
783 1179 843 1207 ἕτε-

79 1239 122 1266 ρος
133 1250 141 1263 ,
153 1222 185 1262 ἧν
203 1226 230 1255 δε
245 1238 290 1255 και
303 1226 417 1261 εἴδωλα,
433 1221 531 1260 ἦσαν
517 1225 544 1254 οὲ
559 1237 603 1253 και
623 1225 696 1254 Θεοὶ
689 1224 842 1263 Λεγόμενοι·

78 1273 121 1302 ἵνα
136 1273 173 1311 μὴ
190 1272 249 1312 δόξῃ
270 1276 322 1305 τοῖς
342 1277 459 1311 φανεροῖς
481 1271 629 1311 μάχεσθαι,
649 1271 741 1309 ἐπάγει
759 1271 842 1309 λέγων

78 1319 138 1355 (και
151 1318 202 1358 γὰρ
218 1318 291 1357 εἴπερ
307 1318 357 1347 εἶσι
377 1317 513 1356 λεγόμενοι
537 1317 608 1353 θεοὶ,
630 1317 720 1356 ὥσπερ
743 1320 786 1346 οὐν
799 1316 843 1345 καὶ

79 1365 153 1400 εἰσὶν,
169 1367 218 1404 οὐχ
232 1366 320 1397 ἁπλῶς
331 1364 404 1399 εἰσιν,
417 1363 501 1399 ἀλλὰ,
512 1363 667 1403 λεγόμενοι,
682 1365 728 1393 οὔκ
738 1366 764 1393 ἓν
776 1364 844 1403 προί-

78 1424 160 1451 γματι
171 1435 179 1447 ,
194 1412 251 1440 ἀλλ’
267 1413 292 1440 ἐν
309 1411 407 1450 ῥήματι
421 1413 496 1440 τοῦτο
510 1410 639 1450 ἔχοντες)“
655 1410 718 1440 Εἴτε
731 1413 757 1440 ἐν
769 1412 845 1450 οὖρα·

79 1460 116 1498 νῷ
129 1481 136 1493 ,
154 1458 206 1486 εἴτε
221 1458 264 1487 ἐπὶ
278 1460 325 1496 γῆς
334 1469 340 1474 ·
355 1459 380 1486 ἐν
396 1458 497 1496 οὐρανῷ
508 1457 552 1485 τὸν
562 1456 635 1492 ἥλιον
647 1457 730 1496 λε’γων
743 1457 787 1486 καὶ
799 1457 845 1492 τὴν

80 1503 191 1539 σελήνην
206 1503 250 1532 καὶ
264 1504 307 1532 τὸν
325 1503 415 1532 λοιπον
430 1505 482 1531 τῶν
504 1502 607 1542 ἄστρων
621 1503 700 1541 χορόν
710 1514 716 1520 ·
732 1503 777 1531 καὶ
795 1503 844 1542 γὰρ

80 1550 125 1578 καὶ
147 1552 230 1578 ταῦτα
251 1549 447 1589 προσεκύνησαν
465 1548 592 1583 Ἕλληνες
603 1560 609 1566 ·
624 1549 668 1578 ἐπὶ
680 1551 728 1587 γῆς
745 1548 771 1577 δὲ
787 1549 846 1577 δαί-

81 1608 163 1634 μονας
172 1619 179 1631 ,
191 1595 235 1624 καὶ
246 1595 305 1628 τοὺς
315 1595 341 1628 ἐξ
354 1594 497 1634 ἀνθρώπων
508 1595 706 1630 Θεοποιηῡέντας
717 1595 845 1628 ἅπαντας.

83 1643 151 1672 Ἀλλ’
167 1643 230 1680 ἡμῖν
246 1637 281 1674 εἷς
294 1641 360 1673 Θεὸς
375 1643 388 1669 ὁ
401 1641 507 1681 Πατήρ.
531 1640 664 1680 Πρότερον
679 1641 730 1674 θεὶς
744 1640 756 1656 ¹'
766 1641 848 1680 χωρὶς

82 1691 127 1718 τοῦ
144 1689 205 1717 Ποιτ
196 1699 267 1742 ρος,
292 1699 337 1716 και
352 1686 442 1722 εἰπὼν,
454 1686 547 1720 Οὒοεις
567 1687 664 1720 Θεὸς”
649 1698 753 1727 ετερος,
770 1688 792 1716 εἷ
810 1687 847 1726 μὴ

82 1738 135 1769 εἰς,
151 1737 194 1763 νῦν
208 1746 253 1763 και
273 1736 348 1762 τοῦτο
364 1733 553 1772 προστίΟἩσιν
568 1733 611 1762 ὅτε
625 1735 786 1766 παντελῶς’
774 1734 846 1763 εκεί-

82 1793 140 1813 νους
161 1780 291 1814 ἐξέὸαλεν.
319 1775 386 1808 lit-„2
406 1791 450 1808 και
467 1780 531 1818 οπερ
544 1791 599 1808 εο-τι
615 1780 710 1818 δεῖγμα
726 1791 848 1817 μεγιστον
878 1787 883 1791 “

83 1827 201 1862 θεότητος
212 1849 219 1862 ,
235 1826 280 1855 καὶ
293 1828 368 1854 τοῦτο
381 1826 473 1864 ἐπάγει
484 1837 490 1843 ·
503 1825 549 1859 Ἐξ
564 1820 592 1854 οῧ
607 1825 639 1854 τὰ
653 1825 748 1855 πάντα.
763 1827 788 1855 Τ
790 1830 849 1856 οῧτο

83 1873 134 1912 γὰρ
148 1872 261 1902 δείκνυσι
283 1871 418 1903 κάκείνους
438 1872 485 1899 οὒκ
503 1870 578 1903 ὄντας
599 1870 681 1903 θεούς.
697 1871 762 1900 Θεοὶ
781 1871 850 1912 γὰρ,

85 1918 172 1958 φησὶν,
186 1917 211 1947 οἳ
223 1918 266 1947 τὸν
279 1918 386 1956 οὐρανὸν
396 1916 440 1946 καὶ
451 1916 498 1952 τὴν
509 1918 557 1956 γῆν
573 1918 621 1945 οὐκ
633 1916 769 1952 ἐποίησαν,
784 1918 850 1946 ἀπο-

85 1965 227 1994 λέσθωσαν.
250 1959 318 1993 Εἶτα
330 1963 375 1992 καὶ
389 1963 418 1992 τὸ
437 1963 528 1992 τούτου
543 1964 590 1993 οὐκ
605 1963 730 1992 οἔλαττον
743 1963 850 2003 προστί-

87 2014 163 2046 Οησι·
178 2010 231 2040 Καὶ
246 2013 322 2048 ἡμεῖς
334 2011 370 2042 εἷς
386 2009 472 2039 αὐτόν.
486 2009 570 2038 Ὅταν
583 2009 630 2048 μὲν
645 2009 697 2048 γὰρ
710 2009 788 2048 εἴπῃ,
803 2009 810 2019 ²
824 2009 850 2043 ⁴5}

87 2052 117 2085 οὗ
132 2055 165 2084 τὰ
176 2056 262 2085 πάντα
273 2078 280 2091 ,
296 2055 344 2090 τὴν
358 2055 528 2094 δημιουργίαν
542 2054 629 2094 λέγει,
644 2055 688 2084 καὶ
702 2055 749 2091 τὴν
765 2057 794 2084 ἐκ
805 2058 851 2084 τοῦ

88 2101 126 2140 μὴ
142 2102 213 2134 ὄντος
225 2102 261 2134 εἷς
274 2100 304 2130 τὸ
318 2096 384 2130 εἶναι
397 2101 558 2140 παραγωγήν
569 2113 575 2118 ·
590 2100 652 2130 ὅταν
667 2102 693 2131 δὲ
707 2101 767 2141 εἴπῃ
776 2124 783 2137 ,
800 2102 852 2131 Καὶ

87 2151 164 2186 ἡμεῖς
187 2149 221 2181 εἷς
236 2148 322 2182 αὖτὸν,
336 2147 379 2176 τὸν
391 2149 438 2181 τ’ἧς
451 2147 563 2180 πίστεως
581 2147 626 2176 καὶ
639 2149 687 2183 τῆς
699 2148 852 2181 otuu-'meme

88 2194 164 2233 λόγον
183 2193 269 2232 λέγει·
285 2193 298 2222 ὃ
318 2193 363 2222 καὶ
383 2193 528 2232 ἔμπροσθεν
547 2191 633 2231 ἔλεγεν
644 2216 652 2229 ,
669 2193 717 2227 Ἐξ
732 2195 809 2223 αὐτοῦ
825 2194 852 2223 δὲ

87 2240 132 2269 καὶ
146 2242 219 2279 ὑμεῖς
235 2241 293 2268 ε’στε
314 2241 340 2269 ἐν
358 2240 464 2279 Χριστῷ
484 2239 581 2275 Ἰησοῦ.
605 2241 695 2278 Διπλῇ
710 2242 761 2281 γάρ
775 2242 854 2279 ἐσμεν

89 2291 115 2325 ἐξ
137 2292 214 2321 αὐτοῦ
225 2314 233 2328 ‚
255 2291 300 2320 καὶ
313 2292 350 2330 τῷ
367 2290 403 2328 μὴ
420 2290 490 2322 ὄντες
502 2289 636 2328 γενέσθαι,
654 2289 698 2318 καὶ
712 2292 750 2329 τῷ
765 2291 855 2320 πιστοὶ

89 2342 221 2381 γενέσθαν
237 2342 282 2371 καὶ
303 2341 354 2381 γὰρ
372 2341 417 2370 καὶ
439 2343 515 2369 τοῦτο
529 2339 628 2373 κτίσις·
651 2339 723 2369 ὂκαὶ
738 2341 854 2380 ἀλλαχοῦ

123 2432 134 2443 '⁴
150 2427 203 2456 ἡμῖν
215 2422 285 2448 deest
295 2424 320 2447 in
333 2424 393 2455 Reg.
405 2421 441 2456 [et
452 2421 492 2457 A.]

122 2464 135 2482 δ
152 2468 221 2498 χωρὶς
234 2468 274 2489 τοῦ
287 2468 381 2497 πατρὸς.
394 2464 436 2487 Sic
448 2462 524 2486 habet
539 2462 646 2487 Saviiius
657 2461 682 2486 in
692 2462 811 2494 margine,
821 2468 846 2487 et

93 2503 200 2533 11101οἈ11.
218 2508 288 2527 vetus
310 2503 436 2534 Interpres
454 2502 570 2532 Latinus,
589 2501 684 2535 ubsque
702 2501 790 2533 Patre,
805 2501 848 2525 ubi

95 2545 209 2570 observes
222 2546 246 2569 in
256 2545 314 2570 Mes.
326 2544 375 2569 sere
386 2553 482 2577 semper
492 2549 577 2578 πατρὸς
589 2546 623 2569 sic
636 2545 710 2570 scribi
722 2557 771 2579 πίῃς.
785 2542 850 2568 undu

893 767 975 796 rum?
991 777 1052 795 nain
1072 765 1142 794 illud
1163 764 1262 803 ubique
1275 762 1492 800 observandum,
1508 762 1565 791 sive
1586 761 1637 790 ab-

893 815 978 844 solute
988 814 1056 853 quid
1065 813 1136 842 dicat
1146 836 1154 851 ‚
1167 813 1224 841 sive
1233 812 1293 840 aliis
1306 811 1448 840 obsistens.
1463 811 1555 848 Neque
1566 810 1638 838 enim

893 862 944 890 hoc
956 872 1051 900 parum
1064 860 1143 889 nobis
1155 860 1255 888 confert
1268 858 1304 887 ad
1318 858 1475 897 dogmatum
1488 857 1635 885 accuratio-

894 918 954 935 nem
969 913 994 935 et
1012 905 1047 934 ad
1060 905 1195 934 dictorum
1214 904 1430 942 intelligentiam.
1450 904 1478 932 5.
1496 904 1575 931 Nam
1596 909 1637 931 et-

897 955 922 982 si
931 958 997 981 sunt
1012 953 1063 991 qui
1073 952 1211 979 dicuntur
1227 951 1287 984 dii,
1305 951 1365 978 sive
1386 951 1417 977 in
1438 950 1510 978 coelo
1527 951 1588 977 sive
1608 951 1640 976 in

899 1007 989 1030 terra,-
1002 1005 1033 1026 ut
1043 1004 1109 1026 sunt
1120 999 1162 1026 dii
1175 997 1260 1026 multi
1270 1003 1297 1025 et
1308 997 1419 1024 domini
1431 996 1516 1024 multi
1530 1007 1538 1022 .-
1550 996 1577 1024 G.
1591 1006 1641 1023 no-

899 1043 943 1074 bis
957 1052 1055 1073 tamen
1070 1054 1144 1073 unus
1156 1044 1236 1072 Deus
1247 1044 1339 1071 Pater
1348 1065 1357 1079 ,
1374 1053 1410 1070 ex
1421 1051 1478 1080 quo
1490 1043 1599 1075 omnia,
1612 1048 1639 1070 et

901 1101 952 1120 nos
972 1093 1003 1119 in
1014 1093 1091 1130 ipso;
1103 1097 1131 1119 et
1143 1100 1217 1118 unus
1228 1090 1374 1118 Dominus
1385 1088 1471 1116 Jesus
1483 1088 1616 1116 Christus
1627 1110 1635 1121 ,

897 1149 950 1177 per
967 1148 1052 1177 quem
1063 1139 1173 1173 omnia,
1186 1143 1215 1164 et
1229 1146 1281 1164 7105
1295 1145 1347 1174 per
1358 1137 1460 1174 ipsum.
1472 1133 1543 1168 Quia
1557 1133 1639 1170 dixit,

897 1183 1004 1212 nullum
1015 1193 1070 1212 esse
1079 1182 1181 1211 idolum
1191 1188 1217 1210 et
1226 1181 1330 1210 nullum
1339 1181 1427 1209 Deum
1436 1180 1522 1208 alium
1534 1191 1542 1217 ;
1554 1186 1642 1208 erant-

900 1240 952 1268 que
966 1236 1054 1258 tamen
1068 1228 1154 1265 idola,
1167 1234 1192 1256 et
1208 1233 1283 1256 erant
1295 1225 1342 1265 qui
1361 1226 1402 1254 dii
1415 1225 1581 1254 vocabantur
1592 1237 1598 1253 z
1610 1235 1643 1254 ne

897 1276 1034 1305 videretur
1051 1286 1112 1304 cum
1132 1273 1278 1303 manifestis
1292 1283 1425 1313 pugnare,
1443 1272 1583 1312 subjungit
1597 1271 1641 1301 dj-

899 1333 959 1351 cens
970 1322 1082 1358 (etenim
1093 1321 1116 1349 si
1130 1327 1191 1349 sunt
1206 1320 1242 1348 ita
1257 1319 1324 1348 dicti
1337 1318 1376 1347 dii
1388 1341 1396 1354 ‚
1410 1325 1440 1346 ut
1451 1318 1531 1347 etiam
1541 1328 1569 1346 rc
1580 1328 1643 1346 vera

899 1375 960 1397 sunt
971 1391 978 1404 ‚
994 1378 1045 1397 non
1059 1366 1180 1396 absolute
1194 1373 1255 1394 sunt
1268 1389 1275 1401 ‚
1287 1364 1335 1394 sed
1348 1365 1386 1393 ita
1398 1364 1463 1393 dicti
1473 1376 1481 1402 ;
1492 1364 1583 1393 nonin
1596 1375 1637 1399 re,

899 1412 946 1442 sed
961 1413 989 1441 in
1003 1412 1086 1441 verbo
1103 1411 1153 1440 hoc
1167 1411 1314 1447 hahentes)
1333 1421 1338 1437 :
1352 1409 1417 1438 Sive
1431 1411 1462 1437 in
1475 1408 1560 1445 caelo,
1575 1410 1635 1437 sive

901 1461 932 1487 in
947 1465 1025 1487 terra
1030 1470 1041 1492 ;
1056 1458 1084 1486 in
1100 1457 1164 1486 caelo
1179 1456 1270 1485 dicens
1283 1455 1366 1484 solem
1382 1461 1407 1483 et
1420 1454 1512 1482 lunam
1526 1461 1552 1483 et
1572 1453 1639 1482 reli-

900 1514 984 1543 quum
996 1510 1129 1532 astrorum
1151 1502 1281 1538 chorum3
1301 1511 1362 1529 nam
1380 1500 1438 1528 11κο
1452 1500 1533 1529 etiam
1547 1499 1643 1527 adora-

901 1550 965 1579 bant
978 1549 1104 1588 gentile53
1114 1549 1141 1576 in
1154 1555 1238 1582 terra,
1249 1547 1384 1575 daemonas
1394 1568 1401 1580 ,
1413 1553 1438 1574 et
1451 1556 1495 1574 eos
1509 1556 1543 1574 ex
1554 1544 1644 1573 homi-

901 1596 981 1625 nibus
995 1595 1042 1633 qui
1066 1595 1093 1623 in
1120 1593 1183 1622 deos
1198 1593 1275 1621 relati
1289 1599 1360 1621 sunt.
1387 1592 1444 1621 Sed
1465 1593 1546 1621 nobis
1568 1602 1643 1621 unus

902 1643 984 1671 Deus
994 1643 1094 1670 Pater.
1107 1640 1175 1668 Cum
1185 1639 1260 1679 prius
1270 1638 1400 1678 posuisset
1410 1638 1510 1676 absque
1522 1637 1568 1666 illa
1578 1648 1644 1666 voce

903 1690 995 1717 Pater
1006 1711 1014 1725 ‚
1030 1694 1055 1715 et
1067 1686 1180 1715 dixisset
1192 1708 1200 1720 ‚
1211 1685 1322 1715 Nullus
1345 1691 1387 1713 est
1401 1684 1479 1713 alius
1491 1685 1571 1713 Deus
1586 1685 1644 1712 nisi

905 1745 995 1768 unns;
1007 1744 1078 1762 nunc
1088 1733 1140 1761 1100
1149 1731 1386 1771 addit,postquam
1398 1730 1459 1759 illos
1470 1730 1578 1759 omnino
1591 1730 1644 1769 eje—

904 1788 982 1810 cerat.
997 1780 1099 1810 Deinde
1112 1779 1184 1818 quod
1196 1786 1234 1808 est
1244 1778 1395 1807 maximum
1405 1777 1557 1806 divinitatis
1568 1777 1645 1817 judi-

905 1828 977 1856 cium
990 1827 1065 1856 addit
1087 1839 1093 1854 :
1110 1827 1157 1855 Ex
1177 1836 1232 1865 quo
1247 1827 1355 1854 omnia.
1372 1824 1430 1853 Hoc
1445 1824 1516 1853 enim
1531 1823 1646 1853 ostendit

904 1874 965 1903 illos
978 1884 1030 1902 non
1044 1884 1099 1902 esse
1111 1872 1183 1901 deos.
1199 1872 1245 1900 Dii
1258 1870 1345 1907 enim,
1361 1870 1447 1909 inquit
1458 1893 1467 1905 ‚
1485 1870 1531 1908 qui
1547 1870 1645 1898 caelum

905 1929 931 1951 et
942 1928 1038 1950 terram
1063 1931 1115 1949 non
1138 1920 1270 1955 fecerunt,
1289 1924 1404 1957 pereant.
1424 1917 1527 1946 Deinde
1536 1939 1544 1954 ,
1571 1917 1646 1956 quod

906 1979 957 1997 11011
981 1968 1070 1996 minus
1088 1965 1241 2005 est‚adjicit
1258 1976 1264 1991 :
1279 1964 1319 1993 Et
1336 1974 1387 1993 nos
1405 1964 1436 1992 in
1449 1962 1646 2002 ipso.Quando

906 2015 977 2043 enim
990 2013 1078 2051 dixit,
1094 2014 1142 2041 Ex
1157 2021 1213 2051 quo
1225 2012 1335 2045 omnia,
1348 2009 1507 2038 creationem
1518 2016 1648 2038 memorat

907 2068 932 2090 ct
951 2059 1154 2100 productionem
1172 2068 1207 2086 ex
1229 2056 1316 2085 nihilo
1335 2055 1370 2084 ad
1388 2055 1570 2093 existentiam5
1584 2066 1647 2084 cum

907 2114 995 2136 autem
1015 2105 1093 2141 dicit,
1105 2106 1141 2133 Et
1153 2114 1204 2133 nos
1214 2105 1246 2131 in
1259 2105 1331 2142 ipso,
1339 2101 1403 2130 fidei
1416 2108 1442 2130 et
1453 2101 1647 2141 conjunctionis

907 2153 1019 2183 verbum
1034 2151 1154 2192 proseit.
1164 2148 1236 2189 quod
1250 2155 1326 2177 antea
1336 2158 1444 2186 quoque
1457 2147 1582 2176 dicebat:
1598 2148 1647 2176 Ex
1659 2159 1680 2175 1.
1694 2153 1746 2175 Cor.
1760 2159 1770 2175 1

908 2205 968 2242 ipso
979 2207 1076 2230 autem
1088 2206 1115 2228 et
1125 2209 1177 2227 vos
1191 2199 1259 2227 estis
1270 2199 1302 2225 in
1313 2197 1429 2225 Christo
1441 2196 1464 2225 J
1463 2206 1521 2224 esu
1537 2185 1687 2235 Duplici³⁰

907 2249 978 2278 enim
999 2247 1101 2276 ratione
1123 2256 1157 2274 ex
1183 2245 1240 2284 ipso
1261 2253 1364 2280 sumus,
1380 2249 1405 2271 et
1418 2241 1491 2280 quod
1513 2252 1575 2270 cum
1596 2252 1649 2271 non

908 2306 1034 2330 essemus,
1052 2293 1115 2322 sacti
1129 2292 1222 2327 simus,
1236 2297 1260 2319 et
1273 2289 1346 2329 quod
1363 2288 1455 2317 fideles
1468 2288 1531 2317 sacti
1545 2287 1648 2317 simus:

908 2352 971 2370 nam
991 2341 1043 2370 hoc
1061 2349 1165 2378 quoque
1187 2344 1225 2366 est
1251 2335 1370 2365 creatio:
1391 2334 1463 2374 quod
1482 2334 1564 2363 etiam
1585 2334 1651 2363 alibi

893 2431 963 2448 error
975 2428 1044 2448 ortus
1056 2421 1138 2452 fuerit,
1152 2426 1179 2444 ut
1190 2428 1219 2443 ex
1233 2427 1265 2443 se
1269 2415 1392 2450 111enubus
1403 2415 1492 2448 liquet.
1504 2415 1573 2441 Editi
1584 2420 1653 2450 xmp&

896 2474 953 2489 τον,
946 2468 1026 2496 πρὸς
1016 2474 1046 2488 τε.
1060 2460 1116 2495 [Sic
1126 2460 1200 2484 ctiam
1213 2460 1241 2482 A.
1256 2458 1284 2483 B.
1304 2457 1362 2481 Mox
1374 2454 1449 2481 iidem
1465 2458 1501 2480 νῦν
1511 2453 1600 2488 τουτο]

931 2510 941 2521 ⁹
960 2501 1004 2535 [Α.
1017 2504 1071 2527 52².-
1074 2511 1111 2527 τον
1128 2503 1160 2525 ἔτι
1179 2495 1272 2529 τῖθητι]

1489 2569 1535 2596 14.
