1891 2866
0 1525 9 1790 mzxumu
0 1478 4 1514 v»—
1 1428 3 1462 —-
0 1297 3 1414 ἢ

486 167 516 189 ΙΝ
546 165 651 189 ΙίΡΙὸΤ.
681 166 700 188 l.

49 229 92 259 ἐπὶ
102 229 152 258 τῶν
162 229 281 258 παλαιῶν
293 228 390 267 ἐγίνετο
398 240 404 245 ·
415 228 448 257 τὰ
459 229 550 257 ἑαυτοῦ
562 227 670 260 ἕκαστος
684 227 797 268 ἐπλήρου
805 250 812 263 ,

49 276 78 304 οὐ
90 274 124 303 τὰ
137 278 182 303 τοῦ
191 274 302 310 πλησίον
316 274 420 313 ἀπῄτει.
429 274 529 303 Σκόπει
541 274 567 302 δέ
575 286 581 291 ·
591 274 669 303 {Ques
679 273 723 302 τὸν
738 274 812 302 ἀδελ-

49 322 138 360 φιδοῦν
153 324 166 350 ὁ
178 321 297 360 Ἀθραοίμ
306 332 312 337 ·
328 321 375 349 οὐκ
387 322 538 350 ἐνεκάλεσεν
557 323 574 355 ἦ
589 320 668 359 γυνή·
680 319 813 349 ἐκέλευσεν

49 367 130 403 αὐτὴν
146 367 202 396 ὁδὸν
222 368 326 396 ὁδεῦσαι
342 367 444 406 μακράν
455 379 460 384 ·
476 369 523 396 οὐκ
546 369 665 396 ἀντεῖπεν
680 365 738 395 οὐδὲ
751 365 814 406 πρὸς

48 416 136 449 τοῦτο,
151 414 207 442 ἀλλ’
222 412 390 447 ἠκολούθησε.
408 413 494 442 Πάλιν
508 413 574 450 μετὰ
591 412 638 444 τὰς
652 411 753 445 πολλὰς
766 424 815 440 τα-

47 458 194 499 λαιπωρίας
204 458 303 491 ἐκείνας
316 459 360 487 καὶ
372 458 429 490 τοὺς
447 458 558 498 μόχθους
572 459 617 487 καὶ
631 458 688 492 τοὺς
704 459 815 497 ἱδρῶτας

47 506 98 533 τῶν
110 505 214 533 πάντων
229 504 315 543 κύριος
327 517 343 543 γ

46 550 122 579 τείων
149 552 187 589 τῷ
212 550 274 579 Λώτ
284 561 291 569 ·
313 550 357 579 καὶ
385 552 414 579 οι)
438 550 516 588 μόνον
531 551 578 579 οὐκ
602 550 769 589 ἐδυσχέρανεν
796 552 813 585 ἠ

47 596 139 636 Σοίῤῥα
151 596 214 634 πρὸς
234 600 323 633 τοῦτο,
340 597 398 625 ἀλλ’
414 596 471 626 οὐδὲ
488 597 518 625 τὸ
537 596 622 634 στόμα
643 597 741 636 διῆρεν,
757 595 813 625 οὐδὲ

46 642 186 682 ἐφθέγξατό
200 655 225 671 τι
239 646 362 677 τοιοῦτον,
378 638 430 671 οἷον
445 643 540 671 πολλαὶ
555 644 606 671 τῶν
620 645 749 680 γυναικῶν
770 646 814 671 νῦν

46 689 213 728 φθέγγονται,
230 689 291 718 ὅταν
305 690 395 717 ἴδωσιν
410 688 611 727 ἐλαττουμένους
627 690 652 716 ἐν
663 692 720 721 ταῖς
731 688 814 717 τοιαύ-

46 747 103 767 ταις
119 735 220 774 μοίραις
243 735 301 768 τοὺς
316 735 411 775 ἄνέρας
429 734 488 767 τοὺς
503 737 612 770 ἑαυτῶν,
627 734 672 763 καὶ
692 734 809 772 μάλιστα

46 780 96 810 υπὸ
110 783 139 810 ἐ)
133 781 264 818 αττόνων,
276 781 445 814 ὀνειδίζουσαι
457 793 501 809 και
517 793 620 835 μωρους
634 793 678 809 και
689 780 812 815 ἂνοητους

45 828 126 855 καλ
98 839 172 856 ουσαι
184 839 228 856 και
240 827 379 866 ἀνᾶνορους
389 826 432 855 καὶ
442 828 538 866 προοότ
529 839 570 860 ας
581 827 731 859 καινωθεῖς
742 826 811 855 Λλλ’

45 873 118 902 οὐςὲν
132 874 217 909 ἐκείνη
231 876 345 902 τοιοῦτον
360 885 404 901 ουτ
395 885 417 901 ε
430 876 501 901 εἶπεν
520 873 578 901 οὔτε
597 872 740 907 ἐνενότσεν,
751 872 810 900 ἀλλ’

46 919 162 960 ἔστερξεν
177 920 280 948 ἅπαντα
294 919 326 948 τὰ
345 921 407 958 παρ’
428 918 525 947 ἐκείνου
546 918 670 956 γινόμενα
687 939 693 945 .
712 917 763 946 Καὶ
783 918 813 946 τὸ

45 964 76 1000 δὴ
92 967 194 1004 μεῖζον·
211 965 278 1003 μετὰ
290 964 340 1004 γὰρ
361 965 391 993 τὸ
405 964 490 1003 κύριον
509 966 605 993 ἐκεῖνον
627 963 747 1001 γενέσθαι
765 965 812 998 τῆς

44 1011 166 1050 αἱρέσεως
177 1011 220 1039 καὶ
231 1010 263 1039 τὰ
275 1010 400 1039 ἐλάττονα
412 1011 556 1049 προσρῖψαι
568 1011 604 1048 τῷ
614 1009 683 1048 θείῳ,
696 1008 812 1042 κίνδυνος

44 1057 121 1086 αὐτὸν
134 1056 262 1086 κατέλαὸε
275 1056 400 1095 χαλεπός.
413 1055 465 1085 Καὶ
480 1054 593 1088 ἀκούσας
605 1058 618 1084 ὃ
632 1055 810 1094 πατριάρχης,

42 1101 144 1135 πάντας
156 1102 308 1131 καθώπλισε
322 1101 381 1134 τοὺς
393 1103 470 1130 αὑτοῦ
479 1123 486 1136 ,
503 1101 548 1130 καὶ
563 1101 626 1140 πρὸς
639 1100 698 1130 ὅλον
713 1101 743 1130 τὸ
758 1103 810 1130 τῶν

42 1148 152 1188 Περσῶν
175 1148 383 1187 παρεσκευάζετο
396 1148 570 1187 στρατόπεδον
586 1147 653 1186 μετὰ
670 1149 722 1176 τῶν
744 1149 810 1177 οἶκε-

41 1196 94 1222 τῶν
106 1195 158 1223 τῶν
169 1196 260 1223 ἑαυτοῦ
276 1194 353 1232 μόνον
366 1206 372 1211 ·
388 1193 432 1223 καὶ
443 1193 501 1222 οὐδὲ
513 1193 572 1222 τότε
587 1194 662 1222 αὐτὸν
682 1193 809 1233 κατέσχεν

41 1239 126 1275 ἐκείνη
136 1261 143 1274 ,
152 1239 208 1268 οὐδὲ
223 1235 293 1269 εἶπεν
304 1236 345 1269 οἶα
358 1239 425 1272 εἰκός
435 1251 440 1257 ·
454 1240 587 1279 ἄνθρωπε,
597 1243 643 1267 ποῖ
653 1240 730 1278 φέρῃ,
742 1239 810 1268 κατὰ

41 1288 166 1325 κρημνῶν
180 1287 288 1316 σεαυτὸν
300 1288 373 1315 ὠθῶι
387 1298 432 1315 και
447 1286 579 1319 τοσούτοις
594 1285 707 1318 ἐκδιδους
720 1286 809 1316 κινδύ-

40 1344 108 1369 νοις,
124 1333 190 1362 3ὑπε
180 1345 208 1372 ρ
224 1333 314 1372 ἀνδρος
328 1333 462 1372 ὗορικότος
485 1345 514 1362 σε
535 1333 579 1361 καὶ
593 1332 626 1360 τὰ
643 1332 676 1362 σὰ
691 1333 810 1372 ἡρπακό-

41 1391 84 1412 τος
102 1379 219 1416 ἅπαντα,
233 1379 263 1408 τὸ
287 1382 353 1418 αἱμα
378 1379 490 1418 ἒκγὲων;
514 1380 548 1408 Εἰ
569 1379 619 1418 γὰρ
643 1391 688 1407 και
715 1382 810 1409 σαυτοῦ

40 1430 222 1466 καταφρονεῖς,
239 1427 296 1456 ἀλλ’
318 1425 365 1465 ἔμε
380 1425 427 1461 τὴν
448 1427 645 1455 καταλιποῦσαν
667 1425 750 1455 οικίαν
765 1426 810 1454 καὶ

41 1473 155 1511 πατρίδα
176 1473 221 1502 καὶ
235 1472 323 1512 φίλους
339 1472 384 1501 καὶ
399 1476 530 1512 συγγενεῖς
544 1472 588 1501 καὶ
599 1472 729 1507 τοσαύτην
745 1474 811 1501 ἀκο-

40 1519 202 1554 λουθησασοὶν
215 1530 256 1548 σοι
270 1518 420 1556 ἀποδημίαν
439 1518 557 1554 ἐλέησον,
573 1530 617 1546 και
639 1517 676 1556 μὴ
698 1518 811 1557 περιίῖοί-

41 1565 88 1603 λῃς
106 1564 203 1604 χηρεία
222 1577 267 1594 και
283 1569 336 1597 τοῖς
350 1564 402 1593 ἀπὸ
415 1566 462 1598 τ’ῆς
484 1564 593 1603 χηρείας
615 1568 714 1597 κακοῖς
729 1563 812 1593 Οὖδεν

42 1610 140 1639 τούτων
159 1612 206 1639 οὖν.
220 1620 301 1646 ειπεν,
322 1612 368 1639 οὐκ
394 1610 538 1646 ἐνενόησεν,
559 1611 616 1639 ἀλλ
633 1610 708 1650 ἔοερε
727 1622 813 1639 παντα

43 1658 114 1696 σιγῇ.
128 1656 205 1686 Μετὰ
215 1660 298 1685 ταῦτα
308 1669 355 1692 της
366 1657 477 1696 γαστρὸς
488 1656 579 1695 ἀγόνου
592 1656 731 1693 μενούσης,
746 1656 792 1685 αὕτ
794 1669 811 1692 r,

44 1702 90 1740 μὲν
102 1704 131 1732 οὗ
155 1703 253 1742 mie-Lei
268 1703 300 1731 τὰ
321 1705 372 1731 τῶν
397 1704 538 1741 γυναικῶν,
554 1702 612 1731 οὐδὲ
637 1702 811 1742 ἀποῖύρεται·

42 1751 138 1783 ἐκεῖνος
153 1750 179 1779 δὲ
194 1752 296 1788 θρηνεῖ,
314 1750 370 1777 ἀλλ’
388 1749 446 1788 οὐχὶ
458 1749 520 1789 πρὸς
536 1748 582 1784 τὴν
598 1753 709 1787 γυναῖκα
719 1772 727 1785 ,
744 1749 811 1778 ἀλλὰ

42 1795 106 1835 πρὸς
123 1796 166 1825 τὸν
188 1795 265 1824 Θεόν.
280 1795 334 1824 Καὶ
348 1794 396 1834 ὅρα
416 1797 472 1827 πῶς
493 1794 601 1828 ἕκαστος
623 1795 653 1824 τὸ
676 1798 810 1835 προσῆκον

42 1842 219 1882 διαφυλάττει.
234 1841 303 1871 Οὔτε
319 1840 370 1882 γὰρ
391 1841 467 1873 αὐτὸς
482 1841 659 1880 κατεφρόνησε
682 1845 728 1877 τῆς
742 1842 811 1881 Eugi-

44 1890 90 1928 ῥας
103 1890 138 1921 ὡς
149 1889 272 1924 ἄπαιδος,
287 1887 346 1917 οὔτε
360 1887 478 1916 ὠνείδισέ
492 1899 517 1916 τι
528 1892 644 1917 τοιοῦτον
657 1889 739 1927 αὐτῃ·
757 1900 809 1917 κα-

42 1934 113 1971 κείνη
128 1934 206 1964 πάλιν
223 1933 366 1964 ἐσπούδασε
388 1936 435 1968 τῆς
457 1934 581 1967 ἀπαιδίας
607 1935 743 1970 ἐπινοῆσαι
760 1948 810 1964 πα-

45 1981 171 2022 ραμυθίαν
184 1981 254 2020 αὐτῷ
270 1993 327 2009 τινα
343 1980 395 2009 ἀπὸ
409 1982 456 2015 τῆς
477 1981 633 2016 παιδίσκης·
648 1982 750 2011 οὐδέπω
760 1982 810 2021 γὰρ

42 2030 126 2057 ταῦτα
137 2027 195 2056 τότε
208 2026 353 2064 κεκώλυτο,
365 2027 433 2056 καθὰ
444 2030 497 2056 νῦν.
515 2029 567 2057 Νῦν
580 2027 630 2067 γὰρ
646 2028 704 2058 οὔτε
717 2041 811 2068 γυναι-

3 2087 6 2092 ·
44 2074 67 2108 ξὶ
88 2076 195 2103 τοιαῦτα
218 2073 327 2113 ἀνδράσι
344 2073 497 2114 χαρίζεσθαι
509 2073 598 2112 θέμις,
613 2074 671 2104 οὔτε
688 2076 809 2109 ἐκείνοις,

42 2120 100 2150 οὔτε
113 2121 213 2150 εἷδυιῶν
228 2119 284 2148 οὔτε
297 2121 443 2158 ἀγνοουσῶν
459 2122 510 2148 τῶν
524 2123 666 2159 γυναικῶν,
678 2122 810 2156 τοιαύταις

43 2166 144 2205 μίξεσιν
155 2165 362 2204 ἔπιχειρεῖν,κᾶν
379 2166 501 2204 μυριάκις
519 2168 536 2202 ἠ
556 2168 603 2201 τῆς
615 2168 739 2201 ἀπαιδίας
753 2171 809 2198 ἔνο-

42 2215 93 2254 κλῇ
109 2212 181 2247 λύπη
192 2223 198 2229 ·
214 2212 270 2240 ἐπεὶ
287 2211 440 2241 ἀκούσονται
451 2213 495 2240 καὶ
510 2213 594 2250 αὐτοὶ,
606 2213 646 2242 ὅτι
658 2213 691 2244 Ὁ
704 2215 808 2252 σκώληξ

43 2260 126 2289 αὐτῶν
141 2260 169 2287 οὐ
188 2257 354 2294 τελευτήσει,
369 2257 413 2287 καὶ
427 2257 456 2286 τὸ
474 2261 526 2298 πῦρ
542 2258 684 2299 Ἶαῦτῶν]
698 2263 727 2290 οὗ
742 2263 807 2291 <565-

43 2305 174 2341 σθήσεται.
189 2305 229 2334 Οὐ
249 2303 300 2343 γὰρ
322 2305 421 2343 ἐφεῖται
442 2307 497 2340 νῦν,
512 2304 571 2333 τότε
593 2305 619 2333 δὲ
635 2308 680 2335 οὐκ
703 2308 806 2347 ἀπηγό-

46 2362 132 2389 ρευτο·
153 2349 191 2379 διὸ
203 2350 247 2378 καὶ
258 2353 274 2385 ἡ
287 2349 351 2388 γυνὴ
365 2353 442 2378 τοῦτο
455 2350 596 2388 ἐπέταττε,
611 2354 728 2386 κάκεῖνος
739 2355 807 2390 ὑπή-

45 2408 102 2426 κουε
110 2418 118 2432 ,
129 2395 174 2424 καὶ
187 2395 245 2425 οὐδὲ
257 2395 324 2425 οὕτω
340 2397 372 2424 δι’
384 2396 490 2432 ἡδονήν.
505 2397 573 2426 Ἀλλ’
588 2398 652 2437 ὅρα,
668 2399 744 2438 φησὶ,
754 2403 810 2433 πῶς

76 2501 86 2512 “
104 2494 158 2526 [καὶ
169 2495 223 2529 ὺπέρ
235 2495 276 2527 Δ.]

79 2533 91 2550 Ι»
109 2532 275 2566 [Inclusimus
295 2538 379 2566 αὶτῑιν,
394 2535 461 2568 quod
482 2535 550 2561 abest
564 2534 596 2560 ab
611 2537 639 2560 A.
654 2537 683 2561 B.
698 2543 721 2562 et
736 2537 798 2564 Bibl.

731 165 774 187 AD
802 165 877 187 COR.

907 165 1024 188 HOMIL.
1055 166 1151 188 XXVI.
1542 165 1606 199 277

867 233 995 267 otpertus
1011 237 1026 255 a
1040 226 1168 256 fluctibus
1184 235 1296 255 vacuus.
1312 225 1356 254 Sic
1368 225 1447 254 etiam
1459 235 1509 254 usu
1520 226 1610 255 venie-

867 273 914 301 bat
923 273 998 313 apud
1014 273 1193 313 p1·iscos:sua
1213 272 1326 311 quisque
1343 271 1480 311 implebat,
1497 282 1544 301 nec
1554 283 1613 310 quzu

868 319 986 358 proximi
1005 325 1080 348 erant
1103 318 1236 357 exigebat.
1250 318 1387 357 perpende
1408 325 1512 346 autem:
1524 318 1613 346 fratris

869 366 954 394 filium
975 376 1065 395 secum
1079 365 1181 404 accepit
1196 364 1348 398 Abraham
1366 374 1416 392 non
1430 363 1457 391 id
1471 364 1613 403 reprelien-

867 412 908 442 dit
921 423 992 442 uxor
1004 412 1101 452 :jussit
1112 422 1169 440 eam
1184 411 1294 450 longum
1306 410 1355 439 iter
1368 410 1511 450 suscipere,
1529 421 1614 448 neque

866 459 1025 499 repugnavit
1037 459 1083 487 illa
1092 481 1100 497 ,
1116 458 1164 487 sed
1178 464 1290 496 sequuta
1302 463 1349 485 est.
1360 458 1464 485 Rursus
1481 463 1541 495 post
1554 456 1614 484 illas

345 504 475 542 ενόμενος,
491 504 664 544 παρεχώρησε
675 507 726 533 τῶν
737 516 812 544 πρω-
823 526 860 543 2³7
868 505 966 534 multas
985 515 1126 540 aerumnas,
1139 504 1244 532 labores
1258 509 1283 531 et
1306 502 1427 539 sudores,
1444 512 1506 530 cum
1527 501 1615 530 domi-

833 554 851 575 A
869 562 918 580 nus
927 551 1049 580 omnium
1065 557 1146 587 esset,
1159 549 1261 589 primas
1276 548 1404 578 concessit
1428 548 1495 576 Loto
1509 559 1514 575 ε
1528 555 1552 576 ct
1564 558 1616 576 non

868 597 947 626 modo
966 597 993 625 id
1014 607 1066 625 non
1084 606 1154 635 aegre
1171 595 1233 624 tulit
1246 595 1323 632 Sara,
1340 594 1387 623 sed
1410 605 1497 632 neque
1509 604 1538 622 os
1551 604 1613 633 ape-

867 644 931 679 ruit,
946 654 993 672 nec
1008 642 1149 682 quidpiam
1162 641 1232 670 dixit
1246 651 1348 675 eorum,
1362 651 1421 679 quae
1433 651 1504 669 nunc
1518 640 1616 668 mulie-

867 701 909 718 res
924 690 1016 718 multae
1037 689 1201 727 loquuntur,
1217 698 1279 716 cum
1303 687 1397 716 vident
1417 687 1491 715 viros
1514 697 1575 715 suos
1589 686 1616 715 in

866 735 1022 776 hujusmodi
1036 735 1154 764 sortibus
1170 734 1258 763 minus
1268 734 1383 769 habere,
1397 733 1516 762 maxime
1528 743 1615 771 quan-

867 781 902 810 do
915 793 976 810 cum
989 781 1162 810 interioribus
1174 791 1215 809 res
1227 787 1276 815 est,
1290 780 1494 819 exprobrantes,
1510 779 1616 816 stultos,

867 829 981 864 insanos,
994 829 1116 868 ignavos,
1134 827 1293 867 proditores,
1309 827 1468 865 hebetesque
1477 833 1613 856 vocantes.

867 875 920 903 Sed
930 875 998 903 nihil
1020 874 1108 903 simile
1132 874 1179 902 illa
1200 873 1245 902 vel
1267 872 1340 901 dixit
1357 873 1400 901 vel
1421 872 1558 911 cogitavit,
1571 871 1616 900 scd

866 920 1028 960 approbavit
1049 920 1138 949 omnia
1155 919 1189 948 ab
1203 919 1261 958 ipso
1283 919 1362 947 factat
1376 919 1512 957 Quodque
1527 919 1616 958 majus

865 973 914 1003 cst,
929 973 1071 1006 postquam
1098 967 1164 994 Loto
1178 965 1240 993 (lata
1264 972 1303 994 est
1324 965 1434 1004 optandi
1456 965 1569 993 facultas
1590 972 1616 993 ct

865 1013 968 1041 minora
983 1013 1029 1040 ille
1039 1019 1136 1051 patruo
1144 1011 1281 1047 concessit,
1296 1010 1324 1038 in
1338 1010 1490 1050 periculum
1501 1010 1547 1038 ille
1556 1020 1618 1049 gra-

865 1070 898 1088 ve
911 1058 1013 1088 incidit.
1029 1059 1090 1093 Quo
1105 1057 1197 1086 audito
1210 1056 1376 1096 patriarcha,
1389 1067 1480 1085 omnes
1494 1067 1556 1085 suos
1566 1067 1614 1085 ar—

830 1112 846 1134 Β
865 1105 961 1140 mavit,
977 1111 1003 1132 et
1027 1111 1118 1132 contra
1139 1109 1225 1132 totum
1241 1104 1381 1131 Persarum
1400 1102 1548 1131 exercitum
1562 1112 1617 1130 sese

864 1150 1007 1191 apparavit
1036 1160 1098 1178 cum
1123 1149 1278 1178 domesticis
1302 1148 1358 1177 suis
1380 1155 1486 1177 tantum
1505 1161 1512 1177 ι
1532 1158 1617 1187 neque

864 1203 928 1225 tune
942 1197 1020 1225 illum
1043 1196 1101 1236 ipsa
1125 1195 1246 1232 retinuit,
1262 1205 1349 1233 neque
1363 1194 1445 1230 dixit,
1461 1201 1490 1223 ut
1503 1205 1554 1234 par
1574 1194 1616 1222 vi-

864 1244 978 1273 debatur
991 1253 1046 1272 esse
1058 1255 1064 1270 :
1080 1243 1142 1278 Quo
1156 1242 1255 1282 pergis,
1267 1252 1282 1270 o
1296 1241 1387 1276 homo,
1402 1252 1449 1281 per
1464 1241 1615 1281 praecipitia

864 1297 888 1318 te
910 1289 1059 1329 impellens,
1075 1296 1100 1317 et
1114 1288 1141 1316 in
1164 1295 1237 1316 tanta
1260 1288 1404 1327 conjiciens
1418 1288 1550 1326 pericula,
1566 1298 1616 1327 pro

864 1338 922 1367 viro
937 1337 982 1376 qui
994 1344 1019 1366 te
1033 1336 1193 1366 contumelia
1202 1336 1302 1374 affecit,
1312 1343 1338 1364 et
1347 1342 1392 1364 tua
1407 1335 1496 1364 omnia
1507 1336 1612 1375 rapuit,

864 1384 1021 1423 sanguinem
1033 1382 1169 1412 fundens?
1182 1383 1251 1411 Nam
1265 1382 1287 1411 si
1300 1382 1416 1422 teipsum
1430 1381 1556 1422 despicis,
1572 1392 1615 1410 me

865 1431 974 1467 saltem,
988 1430 1035 1469 qui
1060 1429 1159 1468 reliqui
1184 1429 1305 1465 domum,
1327 1429 1453 1468 patriam,
1477 1429 1576 1457 amicos
1591 1436 1618 1457 et

865 1483 999 1516 cognatus,
1010 1482 1036 1504 et
1052 1475 1079 1503 in
1090 1482 1164 1504 tanta
1179 1482 1204 1503 te
1217 1474 1430 1514 peregrinatione
1441 1485 1501 1503 sum
1515 1485 1616 1513 sequu-

865 1530 902 1557 ta,
918 1523 1054 1558 miserare,
1070 1532 1117 1550 nec
1133 1532 1175 1550 me
1190 1521 1317 1560 conjicias
1331 1521 1358 1549 in
1375 1521 1537 1550 viduitatem
1552 1528 1578 1550 et
1590 1522 1617 1550 in

829 1577 847 1600 e
866 1568 1009 1598 viduitatis
1028 1567 1108 1596 mala.
1123 1567 1200 1596 Nihil
1224 1567 1321 1595 horum
1336 1567 1380 1595 vel
1399 1566 1470 1595 dixit
1484 1567 1528 1596 vel
1543 1567 1618 1605 cogi-

868 1615 947 1651 tavit,
964 1614 1011 1642 sed
1030 1624 1093 1642 cum
1114 1613 1220 1642 silentio
1237 1613 1299 1641 tulit
1318 1613 1416 1641 omnia.
1429 1613 1533 1641 Deinde
1551 1624 1616 1642 vero

866 1660 950 1689 sterili
963 1666 1085 1688 manente
1106 1665 1190 1694 utero,
1201 1658 1259 1697 ipsa
1275 1658 1384 1696 quidem
1398 1669 1450 1687 non
1468 1659 1572 1698 patitur
1586 1671 1616 1688 ca

867 1717 925 1744 quae
941 1706 1066 1734 mulieres
1080 1704 1136 1744 pati
1153 1704 1253 1741 solent,
1270 1714 1354 1742 neque
1376 1704 1556 1734 lamentatur:
1568 1706 1617 1734 ille

867 1759 956 1781 autem
980 1752 1065 1790 luget,
1085 1750 1132 1779 sed
1156 1761 1209 1779 non
1231 1750 1304 1790 apud
1330 1761 1453 1788 uxorem,
1473 1751 1520 1780 sed
1543 1752 1615 1792 apud

867 1800 962 1827 Deum.
981 1798 1016 1826 Et
1033 1797 1095 1826 vide
1109 1796 1243 1836 quomodo
1263 1797 1380 1835 singuli,
1396 1797 1470 1836 quod
1484 1809 1533 1837 par
1547 1806 1615 1836 erat,

867 1851 982 1874 servent.
995 1845 1087 1882 Neque
1103 1843 1174 1872 enim
1187 1843 1232 1872 ille
1244 1844 1338 1872 saram
1353 1843 1477 1884 despexit
1490 1852 1520 1873 ut
1535 1846 1615 1874 steri-

866 1892 933 1928 lem,
949 1901 1034 1929 neque
1057 1890 1097 1919 illi
1118 1890 1178 1918 ideo
1205 1889 1345 1929 quidpiam
1367 1891 1550 1930 exprobravit.
1566 1892 1616 1921 Illa

864 1949 928 1967 vero
941 1937 1060 1966 vicissim
1073 1937 1282 1965 consolationem
1297 1936 1443 1974 quamdam
1454 1948 1502 1977 pro
1516 1938 1618 1967 orbita-

865 1991 890 2014 te
907 1984 1071 2023 excogitavit
1087 1994 1134 2023 per
1160 1983 1286 2012 ancillam
1306 1994 1380 2012 suam
1393 1984 1531 2013 :nondum
1544 1986 1616 2014 enim

864 2031 911 2059 illa
924 2038 986 2059 tunc
998 2030 1135 2070 prohibita
1151 2037 1234 2064 erant,
1244 2036 1271 2058 ut
1281 2040 1352 2058 nune
1368 2038 1439 2059 sunt.
1456 2032 1535 2061 Nunc
1544 2032 1615 2061 enim

865 2088 949 2117 neque
964 2076 1095 2105 uxoribus
1109 2076 1171 2105 licet
1187 2076 1254 2104 viris
1269 2076 1350 2105 talem
1368 2077 1483 2116 gratiam
1499 2079 1613 2118 reserre5

864 2135 949 2162 neque
960 2123 1024 2159 illis,
1037 2123 1093 2152 sive
1108 2123 1263 2158 scientibus,
1272 2122 1328 2152 sive
1343 2123 1529 2161 ignorantibus
1543 2136 1614 2155 uxo-

828 2173 845 2195 Ι)
864 2170 948 2207 ribus,
964 2169 1029 2198 tales
1044 2176 1145 2197 tentare
1159 2168 1317 2197 concubitus
1327 2191 1333 2202 ,
1350 2170 1494 2207 quantovis
1508 2171 1616 2200 orbita-

864 2214 898 2243 tis
917 2213 1011 2243 dolote
1036 2219 1200 2253 premautm.
1219 2213 1288 2241 Nam
1305 2212 1356 2252 ipsi
1371 2224 1477 2253 quoque
1492 2215 1613 2251 audient,

865 2263 894 2290 Ῑ
891 2264 976 2291 ermis
994 2272 1094 2290 eorum
1117 2272 1174 2289 non
1201 2263 1350 2295 morietur,
1367 2268 1394 2289 et
1414 2263 1490 2301 ignis
1515 2271 1699 2293 eorumMmmc
1716 2278 1741 2300 ς).

864 2320 923 2338 non
933 2310 1142 2348 exstinguetur.
1158 2308 1216 2336 Non
1230 2307 1300 2335 enim
1313 2306 1341 2335 id
1355 2318 1425 2336 nunc
1437 2309 1611 2347 permittitur,
1622 2300 1662 2332 4⁵·

864 2362 928 2384 tunc
949 2366 1014 2384 xero
1035 2365 1087 2383 non
1116 2354 1284 2394 prohibitum
1314 2361 1386 2383 ciat:
1402 2354 1515 2394 ideoque
1543 2367 1613 2386 uxor

864 2403 915 2432 lnoc
928 2402 1019 2442 jussit,
1033 2408 1058 2430 et
1070 2401 1115 2430 illc
1130 2401 1333 2441 obtemperavit,
1349 2412 1434 2440 noque
1450 2409 1537 2432 tamen
1551 2415 1612 2444 pro-

849 2499 907 2523 Mux
922 2503 1006 2533 ἐφεῖται
1023 2500 1160 2532 recepimus
1172 2508 1201 2523 ex
1216 2501 1246 2524 Α,
1266 2500 1293 2524 B.
1308 2500 1447 2534 Lege-batur
1461 2504 1555 2536 ἐρίεται.
1568 2502 1611 2526 Iu-

850 2537 887 2562 stu
902 2538 977 2564 iidem
991 2543 1089 2573 ἔπραττε
1106 2548 1152 2571 pro
1165 2539 1295 2572 ἑπέταττῑ,1
