1906 2866
130 730 143 745 2
154 723 207 744 Cor.
217 722 238 745 S.
247 729 270 744 2.

681 201 761 223 ,mxx
770 202 820 224 MS
845 202 1025 224 Clttti'SOST.

283 188 354 235 676
624 202 653 223 S.

282 273 311 290 re
329 261 529 291 suffundantur.
545 261 664 292 Videsne
678 262 887 301 jant‚quom0do
903 262 950 290 illa
965 272 1024 290 ver—

281 307 325 343 ba,
339 308 522 348 Supersluum
536 315 579 336 est
600 309 673 336 mihi
692 310 816 336 scrihere
829 309 870 336 ad
886 319 952 343 vos,
970 307 1021 335 ad-

281 353 436 382 monitionis
461 353 602 382 exordium
627 354 748 382 fuerint?
768 354 900 392 Perspieis
924 354 1024 391 quippe

1056 200 1197 223 Attcttnzt’
1204 215 1211 223 .
1239 201 1507 225 CONSTANTINOP-

1076 261 1233 299 προθυμίας,
1248 262 1291 290 διὰ
1302 262 1399 291 τούτων
1415 265 1521 292 κάκεῖνο
1531 267 1730 300 κατασκευάζει.
1741 268 1784 297 Τὰ
1794 269 1844 308 γὰρ

1076 307 1136 344 τρία
1151 309 1234 334 ταῦτα
1249 309 1370 342 ἀπαιτεῖ,
1386 309 1430 336 καὶ
1445 309 1549 344 ἐκίνησε
1565 310 1612 348 μὲν
1625 312 1700 340 ταυτὶ
1712 313 1745 342 τὰ
1760 315 1844 352 κεφά-

1077 353 1139 380 λαια
1154 352 1198 379 καὶ
1211 353 1236 380 ἐν
1253 353 1323 391 ἀρχῇ
1336 365 1341 370 ·
1354 353 1414 382 ὅταν
1430 353 1481 393 γὰρ
1495 355 1572 394 λε’γῃ,
1585 356 1591 365 ’
1605 366 1630 384 zv
1646 359 1731 396 πολλῇ
1749 359 1843 397 δοκιμῆ

281 406 345 437 quot
359 398 393 427 de
410 399 566 438 hujusmodi
586 399 734 427 ministerio
754 399 836 427 verba
853 398 967 426 fundat?
982 397 1024 424 Ad
1042 396 1059 418 F«
1078 397 1188 433 Ολίψεως
1201 400 1218 432 ἡ
1235 398 1371 436 περισσεία
1392 402 1438 434 τῆς
1459 405 1545 439 χαρᾶς
1566 403 1664 437 αὐτῶν,
1681 403 1724 431 καὶ
1740 406 1756 438 ἡ
1777 405 1846 433 κατὰ

280 444 337 474 haec
350 445 419 475 illud
432 456 538 483 quoque
550 445 638 474 dicere
649 445 721 475 licet.
730 444 811 482 quod,
825 454 857 472 nc
868 454 957 471 secum
967 443 1024 481 ipse

280 501 402 530 pugnare
414 491 547 526 videatur,
561 492 606 529 qui
625 502 686 519 cum
697 490 818 525 dixisset,
833 489 1024 529 Superstuum,

281 543 369 565 tamen
384 536 418 565 de
427 548 457 565 ea
469 548 496 565 re
509 537 590 565 verba
607 536 697 569 saciat,
715 542 893 573 praeterquam
904 534 977 572 quod
991 534 1025 563 de

280 582 413 611 eeleritate
427 594 457 610 ac
477 581 660 610 munificentia
677 579 927 619 promtitudineque
941 580 1024 608 animi

280 627 402 662 disserit,
419 639 466 667 per
488 628 542 655 lucc
560 626 629 654 illud
653 626 734 653 ctiam
757 626 849 654 efficit.
867 625 929 654 Haec
952 625 1025 654 enim

281 674 331 701 tria
350 674 456 711 exigit:
472 680 550 711 atque
572 672 627 700 haec
648 671 759 709 quidem
781 672 869 710 capita
895 672 976 700 etiam
998 672 1024 700 in

282 720 357 748 initio
368 720 447 757 liujus
458 719 508 747 loci
522 718 605 746 movit
617 729 622 744 :
637 728 698 745 nam
710 728 771 746 cum
779 717 888 754 diceret,
900 720 937 745 In
948 718 1023 746 mul-

282 772 310 793 to
325 766 520 802 experimento
537 763 736 791 tribulationis
751 764 938 791 abundantia
951 774 1025 802 gau-

281 811 324 837 dii
338 812 464 848 ipsorum
469 810 546 847 snit,
561 816 588 837 et
603 810 750 837 altissima
761 815 920 848 paupertas
932 810 1024 836 abun-

280 856 362 883 davit
376 857 408 883 in
422 856 541 883 divitias
558 855 756 893 simplicitatis
769 864 879 888 eorum,
895 853 935 881 nil
949 853 1024 882 aliud

280 901 323 930 his
338 902 427 930 verbis
442 901 624 940 significabat,
641 911 721 939 quam
737 900 810 939 quod
828 900 944 928 multum
962 910 1023 928 con-

280 948 418 983 tulissent,
433 955 458 976 et
473 959 533 976 cum
548 947 647 986 gaudio
662 958 692 975 ac
712 946 862 983 celeritate;
880 957 911 974 ac
930 957 1024 975 mune-

280 1004 340 1022 rum
357 993 509 1033 amplitudo
531 1004 583 1022 non
606 992 686 1021 modo
706 993 767 1021 illos
785 1003 898 1021 moerore
913 992 1025 1020 minime

279 1039 422 1076 affecisset,
441 1039 487 1067 sed
508 1049 541 1067 ne
555 1038 624 1066 illud
646 1037 773 1076 quidem,
791 1037 863 1076 quod
889 1037 916 1065 in
939 1043 1025 1065 tenta-

281 1085 399 1113 tionibus
418 1091 599 1119 versarentur,
617 1084 689 1122 quod
709 1091 798 1112 tamen
822 1083 932 1122 gravius
955 1090 1023 1118 erat,

280 1124 361 1168 quam
379 1131 518 1159 facultates
537 1141 598 1159 suas
618 1130 766 1169 impertire.
784 1132 872 1167 Atque
894 1129 974 1157 etiam
997 1129 1025 1157 in

280 1176 323 1205 his
353 1177 460 1213 verbis,
487 1177 600 1215 Seipsos
634 1178 717 1205 nobis
744 1177 903 1212 dederunt,
932 1186 1025 1204 eorum

280 1223 362 1251 animi
373 1223 599 1262 promtitudinem
616 1233 796 1261 magnamque
806 1222 886 1252 fidem
898 1222 1024 1250 ostendit.

281 1269 400 1297 Rursum
418 1276 508 1297 autem
525 1269 570 1298 hic
590 1279 696 1307 quoque
716 1279 745 1296 ea
766 1274 873 1297 tractat.
888 1268 1024 1304 Quoniam

281 1314 352 1343 enim
377 1315 524 1343 liberalitas
542 1322 567 1342 et
595 1314 720 1342 hilaritas
744 1314 799 1342 fere
821 1314 892 1342 inter
917 1324 944 1342 se
971 1324 1025 1352 pu-

281 1367 382 1398 gnant,
399 1367 478 1399 atque
504 1361 525 1388 is
549 1359 677 1398 quidem,
694 1359 740 1397 qui
765 1359 882 1388 multum
906 1359 1024 1395 tribuit,

281 1417 351 1445 saepe
373 1417 485 1435 moerore
507 1406 625 1435 afficitur
644 1418 650 1433 z
668 1406 713 1434 hic
731 1413 837 1441 contra,
864 1417 896 1434 ne
922 1405 1024 1442 doleat,

282 1452 389 1490 parcius
410 1452 521 1486 tribuit,
545 1451 607 1480 vide
625 1462 742 1489 quonam
767 1458 844 1490 pacto
856 1458 881 1479 et
907 1462 969 1479 cum
995 1461 1025 1479 ea

281 1508 340 1535 quae
364 1497 452 1536 ipsum
474 1497 585 1525 decebat
604 1496 749 1535 prudentia
769 1496 911 1534 utriusque
932 1507 1025 1524 euram

280 1549 364 1580 gerat.
391 1543 452 1570 Non
477 1542 550 1570 enim
577 1541 664 1577 dixit,
687 1543 775 1570 Pauca
800 1541 905 1570 lubenti
933 1542 1025 1570 animo

280 1588 344 1616 dare
367 1595 492 1627 praestat,
510 1598 590 1626 quam
613 1587 699 1615 multa
725 1587 828 1622 invitm
849 1587 1024 1625 quandoqui-

278 1633 341 1662 dem
360 1641 505 1672 utrumque
519 1633 649 1669 ‘volebat‚
664 1640 694 1661 ut
714 1640 739 1661 et
758 1633 875 1661 multum
895 1640 921 1661 et
940 1633 1026 1662 liben-

278 1686 318 1708 ter
350 1680 512 1708 tribuerent:
539 1679 587 1707 sed
616 1679 772 1717 qoumodo?
791 1680 829 1708 Ut
855 1686 1021 1718 praeparenl

278 1731 409 1753 vestram
438 1724 669 1752 benedictionem
691 1730 831 1762 paratam
859 1734 920 1752 esse
948 1726 1024 1752 sicut

279 1771 526 1805 benedictionem,
549 1776 575 1797 et
595 1779 654 1797 non
676 1775 829 1808 tamquam
849 1771 1021 1797 avaritiam.

278 1816 357 1844 Prius
377 1816 412 1843 ab
434 1814 558 1853 eo‚quod
572 1814 721 1853 jucundius
739 1825 770 1842 ac
787 1814 874 1842 levius
894 1821 960 1850 erat,
977 1825 1025 1843 au-

278 1861 407 1899 spicatur,
419 1867 448 1888 ut
461 1870 493 1888 ne
509 1860 587 1888 inviti
602 1860 770 1898 largiantur:
784 1859 937 1888 benedictio
951 1860 1024 1888 enim

278 1912 332 1940 est,
348 1905 444 1943 inquit.
472 1904 514 1932 En
543 1915 596 1942 quo
624 1911 701 1942 pacto
727 1904 796 1932 inter
824 1904 1022 1933 cohortandum

278 1959 444 1981 enascentem
460 1952 551 1979 statim
571 1952 688 1979 fructum
703 1951 840 1987 ostendat,
856 1962 954 1989 eosque
973 1952 1021 1989 qui

279 1996 608 2033 tribuunt,benedicti0ne
626 1996 737 2025 refertos
756 1997 899 2025 esse.Dicti
915 2008 1022 2035 quoque

279 2043 412 2071 suavitate
435 2053 478 2070 eos
501 2042 608 2070 illexit:
624 2053 701 2070 nemo
721 2042 794 2070 enim
813 2050 908 2071 moesto
931 2043 1021 2072 animo

278 2087 490 2117 benedictionem
510 2087 638 2123 impertit.
654 2089 691 2116 Ac
712 2097 745 2116 ne
766 2088 816 2116 hoc
834 2088 944 2126 quidem
960 2100 1021 2118 con-

279 2141 383 2169 tentus,
397 2133 524 2162 addidit:
541 2135 610 2162 Non
629 2140 783 2172 tamquam
805 2136 1022 2164 avaritiam.Ne

279 2180 449 2216 existimetis,
466 2180 567 2217 inquit,
583 2190 630 2207 nos
650 2190 709 2207 eam
729 2186 757 2208 ut
776 2191 870 2209 avaros
888 2181 1019 2220 accipere,

279 2226 326 2254 sed
340 2233 369 2254 ut
386 2225 578 2254 benedictionis
599 2232 720 2253 auctores
736 2226 811 2254 vobis
829 2237 930 2256 sumus.
945 2230 1020 2256 Ava-

278 2273 340 2300 ritia
354 2272 427 2300 enim
441 2282 534 2300 eorum
548 2278 595 2306 cst,
606 2271 652 2309 qui
664 2271 746 2299 inviti
760 2272 899 2308 tribuunt;
911 2283 941 2301 ac
958 2284 1021 2312 pro-

278 2318 340 2346 inde
360 2317 407 2355 qui
424 2316 734 2356 eleemosynaminvitus
750 2317 860 2353 confert,
876 2319 1019 2347 avaritiam

1079 442 1172 480 βάθους
1187 444 1307 482 πτωχεία
1329 445 1512 484 ἐπερίσσευσεν
1537 448 1573 479 εἷς
1597 448 1641 476 τον
1665 449 1777 477 πλοῦτον
1799 451 1846 483 τῆς

1078 487 1225 523 ἁπλότητος
1237 490 1338 525 αὐτῶν,
1351 490 1423 518 οὐδὲν
1440 492 1504 520 ἄλλο
1524 492 1611 530 λέγει,
1627 492 1643 528 ἢ
1659 493 1700 522 δ’τι
1720 494 1766 522 καὶ
1779 494 1845 524 πολὺ

1078 534 1245 572 εἰσήνεγκαν,
1257 536 1302 563 καὶ
1321 536 1389 572 μετὰ
1403 542 1504 575 χαρᾶς,
1525 538 1570 566 καὶ
1592 538 1658 576 μετὰ
1673 539 1785 578 τάγους,
1801 541 1846 569 καὶ

1078 579 1106 607 οὐ
1123 579 1199 616 μόνον
1210 580 1240 608 τὸ
1262 581 1350 608 δοῦναι
1366 580 1414 610 '‘073
1428 582 1494 610 πολὺ
1515 583 1658 619 ἐλύπησεν,
1673 573 1731 612 ἀλλ’
1744 585 1802 614 οὐδὲ
1815 586 1846 614 τὸ

1078 626 1104 652 ἐν
1124 630 1280 665 πειρασμοῖς
1297 622 1361 655 εἶναι
1374 638 1380 644 ·
1393 626 1457 666 ὅπερ
1472 631 1517 656 τοῧ
1537 629 1625 658 δοῦναι
1644 630 1844 670 φορτικώτερον.

1079 670 1132 698 Καὶ
1149 671 1193 706 τὸ,
1208 670 1289 709 ἹῙμῖν
1310 671 1410 700 ἔδωκαν
1433 673 1556 708 ἑαυτοὺς,
1579 674 1624 702 καὶ
1640 679 1716 704 τοῦτο
1729 675 1774 703 καὶ
1796 676 1844 710 τὴν

1078 716 1225 754 προθυμίαν
1251 718 1336 745 αὐτῶν
1360 718 1487 755 δείκνυσι,
1509 719 1554 747 καὶ
1577 720 1606 748 τὸ
1631 720 1732 759 σφόδρα
1754 721 1846 754 αὐτοὺς

1078 761 1218 790 πιστεύειν,
1233 762 1320 790 Πάλιν
1335 762 1362 791 δὲ
1381 764 1426 792 καὶ
1447 765 1558 793 ἐνταῦθα
1573 765 1640 794 αὐτὰ
1659 767 1846 805 μεταχειρίζει.

1079 807 1189 842 Ἐπειδὴ
1204 807 1255 847 γὰρ
1265 812 1348 836 ταῦτα
1364 809 1469 837 ἐναντία
1481 810 1551 844 ἐστὶ,
1565 811 1702 849 φιλοτιμία
1715 811 1760 840 καὶ
1776 824 1845 852 προ-

1079 853 1158 891 Ουμία
1168 875 1175 887 ,
1190 854 1234 881 καὶ
1252 856 1265 881 ὁ
1281 853 1326 891 μὲν
1348 854 1414 882 πολὺ
1437 854 1495 887 δοὺς
1513 856 1642 888 πολλάκις
1663 858 1774 894 ἀθυμεῖ,
1790 859 1804 885 ὁ
1818 857 1846 886 δὲ

1042 909 1062 928 Α
1078 899 1144 938 ὑπὲρ
1155 902 1199 927 τοῦ
1214 899 1250 937 μὴ
1267 901 1355 938 ἀλγεῖν
1371 899 1478 928 ἔλαττον
1499 901 1616 937 δίδωσιν,
1630 901 1679 940 ὅρα
1691 914 1747 934 πως
1762 905 1846 931 ’ἑκα-

1077 946 1166 985 τέρους
1181 946 1361 982 ἐπιμελεῖται,
1376 946 1421 974 καὶ
1437 946 1504 984 μετὰ
1517 949 1565 981 τῆς
1579 947 1762 985 προσηκούσης
1775 949 1847 988 αὐτῷ

1078 991 1214 1024 συνέσεως.
1231 992 1271 1020 Οὐ
1284 991 1336 1030 γὰρ
1349 987 1420 1020 εἶπεν
1432 1014 1439 1027 ,
1455 992 1542 1031 ὀλίγον
1558 993 1661 1031 βέλτιον
1677 994 1766 1022 δοῦναι
1777 994 1847 1033 [καὶ]

1079 1036 1146 1074 μετὰ
1167 1037 1357 1076 προαιρέσεως,
1379 1037 1395 1071 ἢ
1421 1037 1488 1066 πολὺ
1512 1039 1578 1075 μετὰ
1603 1038 1738 1077 ἀνάγκης·
1754 1039 1846 1074 ἐπειδὴ

1078 1082 1123 1110 καὶ
1147 1082 1229 1117 πολὺ,
1245 1082 1290 1111 καὶ
1314 1083 1381 1120 μετὰ
1405 1084 1582 1122 προαιρέσεως
1603 1085 1730 1119 ἦὸούλετο
1754 1084 1848 1118 αὐτοὺς

1078 1129 1231 1167 εἰσενεγκεῖν
1252 1140 1258 1145 ·
1283 1128 1351 1157 ἀλλὰ
1373 1131 1445 1164 πῶς;
1460 1128 1520 1158 Ἵνα
1542 1130 1776 1170 προκαταρτίσωσι
1797 1130 1846 1166 τὴν

1079 1173 1197 1211 εὐλογίαν
1222 1175 1294 1211 ὑμῶν
1314 1174 1422 1212 ἑτοίμην
1447 1170 1512 1203 εἶναι
1535 1177 1570 1207 ὡς
1593 1175 1728 1214 εὐλογίαν,
1753 1175 1790 1214 μὴ
1811 1177 1848 1208 ὡς

1077 1218 1238 1251 πλεονεξίαν.
1253 1219 1384 1259 Πρότερον
1402 1220 1454 1248 ἀπὸ
1469 1222 1514 1248 τοῦ
1530 1220 1638 1255 ἡδίστου
1660 1221 1707 1249 καὶ
1723 1220 1849 1259 κουφοτέ-

1081 1276 1123 1304 ρου
1146 1264 1273 1303 ἄρχεται,
1289 1268 1333 1294 τοῦ
1356 1265 1392 1303 μὴ
1413 1265 1480 1302 μετὰ
1506 1266 1638 1304 ἀνάγκης·
1661 1267 1765 1306 εὐλογία
1785 1266 1847 1306 γὰρ,

1079 1311 1171 1349 φησὶν,
1192 1311 1272 1340 ἐστίν.
1293 1311 1364 1350 wopa
1385 1314 1441 1344 πῶς
1461 1314 1487 1340 ἐν
1509 1311 1583 1345 τάξει
1607 1313 1789 1352 παραινέσεως
1802 1313 1846 1342 τὀν

1079 1357 1180 1396 καρπὸν
1201 1357 1294 1389 εὐθέως
1314 1358 1429 1386 δείκνυσι
1448 1358 1644 1396 βλαστάνοντα,
1659 1358 1705 1387 καὶ
1729 1358 1848 1397 εὐλογίας

1046 1408 1061 1429 Β
1079 1402 1300 1442 πεπληρωμένους
1316 1403 1375 1435 τοὺς
1394 1403 1570 1442 παρέχοντας.
1586 1404 1638 1433 Καὶ
1657 1406 1690 1442 τῇ
1712 1415 1848 1443 προσηγο-

1082 1448 1123 1486 ρία
1139 1448 1231 1481 αὐτοὺς
1245 1449 1414 1477 ἐπεσπάσατο
1425 1460 1431 1466 ·
1447 1449 1530 1481 οὐδεὶς
1545 1449 1596 1488 γὰρ
1617 1449 1738 1488 εὐλογίαν
1756 1449 1848 1478 δίδωσι

1071 1494 1148 1531 ’μετὰ
1167 1494 1261 1528 λύπης.
1286 1494 1340 1522 Καὶ
1359 1494 1417 1523 οὐδὲ
1442 1494 1526 1532 τούτῳ
1546 1494 1680 1532 ἠρκέσθη,
1697 1496 1755 1523 ἀλλ’
1777 1495 1847 1531 ἐπή-

1080 1551 1146 1578 γαγε
1156 1551 1162 1557 ·
1178 1539 1224 1575 Μὴ
1245 1542 1280 1572 ὡς
1294 1539 1452 1572 πλεονεξίαν.
1468 1539 1514 1574 Μὴ
1533 1540 1675 1578 νομίσητε,
1690 1540 1785 1580 φησὶν,
1807 1541 1848 1569 ὅτι

1080 1587 1115 1617 ὡς
1136 1586 1349 1618 πλεονεκτοῦντες
1374 1585 1456 1621 αὐτὴν
1482 1585 1668 1624 λαμὸοίνομεν,
1695 1587 1753 1615 ἀλλ’
1777 1585 1848 1615 ὥστε

1080 1630 1159 1658 αἴτιοι
1183 1630 1302 1668 γενέσθαι
1330 1632 1391 1668 ὑμῖν
1419 1631 1548 1669 εὐλογίας.
1574 1631 1610 1660 ‘H
1632 1631 1684 1672 γὰρ
1709 1631 1847 1664 πλεονεξία

1080 1676 1196 1704 ἀκόντων
1217 1676 1286 1704 ἐστίν
1299 1687 1306 1693 ”
1327 1675 1397 1705 ὥστε
1418 1679 1432 1705 ὁ
1452 1676 1537 1709 διδοὺς
1559 1676 1738 1715 ἐλεημοσύνην
1763 1678 1846 1713 ἄκων,

1079 1722 1227 1756 πλεονεξίαν
1242 1722 1358 1752 δίδωσιν.
1370 1718 1438 1751 Εἶτα
1451 1723 1504 1751 ἀπὸ
1513 1722 1604 1752 τούτου
1615 1723 1696 1752 πάλιν
1707 1724 1748 1751 ἐπ’
1764 1725 1848 1752 ἐκεῖνο

1080 1768 1194 1806 μετέὸη,
1207 1768 1237 1796 τὸ
1252 1767 1397 1807 φιλοτίμως
1418 1767 1527 1796 διδόναι.
1539 1769 1626 1797 Τοῦτο
1639 1768 1667 1797 δὲ
1680 1768 1760 1807 λέγω.
1774 1769 1846 1797 Του-

1079 1814 1179 1849 τέστιν,
1196 1814 1235 1841 ὅτι
1251 1813 1317 1851 μετὰ
1333 1813 1424 1842 τούτου
1445 1814 1552 1842 κάκεῖνό
1573 1825 1652 1852 φημι.
1667 1815 1766 1849 Ποῖον;
1780 1813 1846 1842 Ὅτι

1043 1864 1060 1887 C
1079 1861 1092 1887 ὁ
1109 1859 1223 1897 σπείρων
1239 1859 1411 1897 φειδομένως,
1426 1859 1585 1897 φειδομένως
1607 1859 1652 1887 καὶ
1667 1858 1783 1898 θερίσει·
1800 1859 1846 1888 καὶ

1077 1907 1091 1932 ὁ
1108 1904 1223 1943 σπείρων
1245 1905 1286 1932 ἐπ’
1308 1903 1505 1942 εὐλογίαις,ἐπ’
1527 1904 1658 1942 εὐλογίαις
1679 1904 1725 1933 καὶ
1739 1904 1846 1944 Θερίσει.

1077 1950 1129 1978 Καὶ
1143 1951 1191 1977 οὐκ
1206 1944 1264 1977 εἶπε
1273 1971 1280 1983 ,
1294 1949 1466 1988 μικρολόγως,
1481 1950 1539 1978 ἀλλ’
1555 1949 1746 1988 εὐφημότερον,
1756 1949 1787 1977 τὸ
1800 1952 1846 1978 τοῦ

1078 1996 1205 2034 φειδωλοῦ
1223 1995 1274 2027 θεὶς
1289 1996 1385 2033 ὄνομα.
1399 1994 1453 2023 Καὶ
1468 1995 1564 2034 σπόρον
1578 1995 1608 2023 τὸ
1623 2000 1736 2034 πρᾶγμα
1751 1995 1845 2024 ἐκάλε-

1077 2054 1137 2078 σεν,
1150 2041 1194 2069 ἵνα
1217 2041 1310 2074 εὐθέως
1332 2041 1396 2081 πρὸς
1419 2041 1466 2076 τὴν
1487 2041 1617 2070 ἀντίδοσιν
1635 2041 1708 2080 ἴδῃς,
1731 2041 1778 2070 καὶ
1801 2041 1845 2070 τὸν

1077 2088 1179 2126 ἀμητὸν
1193 2088 1331 2123 ἐννοήσας,
1346 2087 1431 2125 μοίῡῃς
1443 2087 1483 2115 ὅτι
1495 2086 1604 2116 πλείονα
1617 2087 1763 2124 λαμὸάνεις
1775 2085 1793 2121 ἢ
1808 2086 1846 2114 δί-

1076 2135 1136 2167 δως.
1151 2134 1200 2162 Διὸ
1214 2135 1260 2162 οὐκ
1276 2129 1346 2162 εἶπεν
1356 2156 1363 2169 ,
1378 2136 1391 2162 ὃ
1406 2132 1502 2166 διδοὺς,
1516 2134 1574 2161 ἀλλ’
1584 2155 1592 2168 ,
1605 2132 1639 2161 Ὁ
1652 2132 1767 2172 σπείρων
1778 2144 1785 2150 ·
1801 2132 1845 2160 καὶ

1076 2183 1122 2209 οὐκ
1146 2175 1215 2209 εἶπεν
1226 2203 1232 2214 ,
1249 2181 1324 2217 ὑμεῖς
1341 2178 1385 2207 ἐὰν
1410 2178 1549 2217 σπείρητε,
1565 2177 1634 2206 ἀλλὰ
1648 2177 1786 2207 καθολικὸν
1801 2178 1845 2206 τὸν

1076 2226 1152 2265 λόγον
1173 2229 1250 2254 ποιεῖ.
1271 2225 1339 2254 Οὐδὲ
1357 2220 1430 2260 εἷπε,
1449 2225 1578 2263 δαψιλῶς,
1600 2224 1658 2252 ἀλλ’
1669 2244 1677 2258 ,
1695 2223 1759 2252 Ἐπ’
1773 2224 1846 2252 εὐλο-

1075 2272 1144 2310 γίαις
1156 2283 1162 2288 ·
1178 2271 1191 2300 ὃ
1213 2270 1279 2299 πολὺ
1295 2270 1385 2299 τούτου
1409 2274 1496 2307 μεῖςον
1518 2265 1559 2304 ἦν.
1575 2269 1628 2298 Καὶ
1644 2268 1725 2297 πάλιν
1750 2268 1795 2297 ἐπὶ
1815 2268 1846 2296 τὸ

1075 2317 1202 2356 πρότερον
1216 2317 1246 2345 τὸ
1264 2316 1315 2351 ἡδὺ
1336 2314 1496 2354 καταφεύγει
1505 2337 1513 2350 ,
1527 2314 1611 2353 λέγων
1624 2325 1631 2331 ·
1645 2313 1780 2346 ἽΞκασ-..ος
1793 2325 1844 2342 κα-

278 2364 342 2399 dat,
359 2374 411 2392 non
436 2363 660 2392 benedictionem.
677 2363 770 2392 Postea
795 2363 830 2392 ab
852 2364 903 2392 hoc
929 2376 1022 2394 rursus
1040 2374 1058 2396 D
1077 2365 1126 2398 θὼς
1142 2368 1308 2403 προαιρεῖται
1321 2364 1354 2400 τῇ
1369 2361 1474 2400 καρδία.
1487 2361 1594 2388 Μᾶλλον
1609 2359 1660 2398 γὰρ
1675 2358 1791 2392 ἐξουσίαν
1805 2370 1846 2391 τις

312 2473 324 2490 b
342 2471 384 2496 Sic
399 2472 459 2505 legit
477 2473 617 2504 lutei-pres,
631 2479 707 2505 atque
726 2474 760 2497 ita
781 2473 912 2507 legendum
931 2477 1038 2509 conjecit

279 2510 394 2535 Dunoeus.
416 2512 446 2535 In
459 2511 539 2535 Editis
551 2512 587 2542 [et
601 2513 619 2536 A
639 2511 644 2542 Ι
657 2515 680 2537 οὐ
693 2511 770 2537 deest.

1120 2483 1129 2494 π
1148 2473 1292 2507 Legendum
1303 2471 1402 2497 videtur
1412 2480 1468 2496 cum
1479 2470 1572 2496 savilio
1582 2473 1730 2504 ἑκατέρουβῑ
1740 2469 1776 2494 sic
1786 2469 1846 2502 legit

1089 2515 1224 2545 Interpres.
1238 2511 1311 2544 [Mox
1324 2511 1469 2535 inclusimus
1482 2514 1531 2540 καί,
1545 2508 1612 2541 quod
1626 2507 1696 2533 abest.
1708 2508 1741 2532 ab
1751 2507 1793 2541 Δ.]
