1845 2876
229 151 272 190 3—'t
572 159 600 181 s.
624 160 762 182 ,tonius
789 161 968 184 cur-rsos’r.

226 222 286 250 cula
307 221 353 249 alii
380 219 506 257 fugerint,
532 219 576 247 ille
589 230 650 248 vero
673 220 786 249 aliorum
808 222 966 260 coryphaeus

226 268 315 305 ipsum
330 265 474 303 negaverit.
494 264 634 293 Undenam
651 276 712 303 ergo
729 266 780 303 illi,
798 267 844 304 qui
860 268 967 297 vivente

228 312 335 340 Christo
359 306 513 340 judaeorum
537 311 667 350 impetum
692 323 742 340 non
765 313 890 351 tulerant,
920 314 967 343 illo

228 365 331 385 mortuo
348 364 372 385 et
386 356 500 395 sepulto,
517 367 577 385 eum
593 368 642 385 non
659 359 854 395 resurrexisset,
875 367 903 387 ut
920 370 966 388 vos

226 405 327 441 dicitis,
345 415 429 441 neque
442 404 595 441 alloquutus
612 404 671 433 illos
691 405 790 441 suisset,
808 416 893 443 neque
907 407 964 434 :mi-
982 413 1000 435 E

227 443 300 478 nium
314 449 460 485 indidisset,
473 457 563 477 contra
575 457 678 478 tantum
690 451 781 478 orbem
798 458 872 479 terrse
884 452 967 480 aciem

227 495 430 523 instruxerunt?
446 497 538 522 Annon
552 495 624 533 apud
638 506 664 522 se
675 495 814 531 dixissent,
829 496 902 530 Quid
919 498 967 524 hoc

226 541 285 568 est?
300 540 415 578 seipsum
431 550 480 568 non
496 541 582 579 potuit
597 551 713 575 servare,
729 548 754 569 ct
768 552 813 569 nos
829 543 968 580 proteget?

227 585 279 614 sibi
301 597 377 625 opem
401 597 452 613 nou
469 586 530 614 tulit
546 587 635 621 rivus,
652 593 677 614 et
691 587 768 614 nobis
787 597 895 614 manum
912 594 967 614 ten-

226 631 271 659 det
286 632 430 659 mortuus?
448 632 503 670 ipse
517 632 597 660 vivus
615 632 717 659 nullam
732 632 838 669 subegit
851 639 966 670 gentem,

228 684 253 705 ct
268 688 314 705 nos
329 677 376 705 tuti
394 677 462 707 orbi,
480 677 562 716 ipsius
575 678 679 715 prolatu
695 677 809 711 nomine,
825 677 969 715 persuade—

228 723 317 751 bimus
327 724 340 751 ?
361 730 386 751 et
401 723 535 761 quomodo
551 734 601 751 non
617 731 706 751 eontra
727 724 854 751 rationem
870 724 949 752 suerit
963 747 970 761 ,

227 769 284 797 hrec
313 779 364 796 non
397 769 482 796 solum
509 769 592 797 faeere
605 791 612 804 ,
639 769 685 797 sed
715 769 795 797 etiam
824 770 940 808 cogitare
955 771 968 799 Ρ

228 812 410 847 Quamobrem
432 812 520 850 palam
544 819 597 848 est,
621 812 643 840 si
664 823 716 840 non
739 813 870 841 vidissent
892 814 969 842 illum

226 858 412 894 resurrexisse,
425 868 603 896 magnumque
614 859 736 897 potentiae
748 860 805 898 ejus
814 859 969 888 habuissent

227 911 426 941 argumentum,
449 914 501 931 non
523 911 623 932 tantam
635 905 753 942 jacturos
774 905 854 933 fuisse
871 906 966 934 aleam.

228 949 341 977 Etiamsi
365 949 436 977 enim
449 949 548 977 amicos
569 949 724 977 habuissent
739 950 945 978 innumerabiles
956 973 965 986 ,

227 1005 314 1022 annon
325 995 414 1023 statim
424 995 543 1022 omnium
553 995 604 1023 sibi
613 995 781 1024 inimicitiam
788 997 968 1033 attraxissent,

228 1041 293 1068 dum
307 1040 429 1078 antiquos
442 1051 528 1068 mores
543 1048 705 1077 amoverent,
721 1048 746 1070 et
760 1042 859 1080 patrios
874 1043 969 1071 termi-

228 1096 276 1114 nos
290 1087 482 1114 transferrent?
496 1097 566 1115 nunc
580 1093 668 1115 autem
683 1097 773 1115 omnes
786 1088 904 1117 habuere
918 1089 969 1117 sibi

228 1131 315 1160 hostes
331 1138 355 1160 et
376 1131 498 1170 proprios
515 1139 541 1160 et
555 1132 662 1160 alienos.
682 1133 793 1161 Etiamsi
816 1134 887 1162 enim
904 1145 967 1173 pro-

228 1183 287 1215 pter
310 1184 418 1205 externa
444 1177 532 1205 omnia
553 1177 718 1206 venerabiles
737 1179 858 1214 fuissent,
882 1190 969 1208 annon

229 1232 320 1250 omnes
341 1223 412 1260 ipsos
426 1222 554 1250 exsecrati
568 1223 689 1260 fuissent,
708 1223 779 1261 quod
793 1235 892 1253 novum
907 1225 969 1253 vitae

228 1266 381 1295 institutum
396 1267 569 1295 inducerent?
592 1278 662 1296 nunc
685 1275 773 1297 autem
785 1269 881 1299 deserti
896 1277 970 1298 erant

228 1313 262 1340 ab
276 1313 412 1350 omnibus,
428 1319 452 1341 et
469 1320 671 1342 consentaneum
686 1321 751 1351 erat,
765 1322 794 1343 ut
808 1315 851 1344 vel
866 1315 928 1344 inde
942 1316 969 1344 in

228 1358 348 1387 omnium
363 1358 456 1386 odium
476 1366 501 1387 et
522 1366 683 1388 contemtum
698 1360 871 1390 incurrerent.
895 1362 969 1396 Quos
985 1367 1002 1389 B

229 1404 301 1432 enim
322 1404 364 1433 vis
378 1404 486 1433 dicere?
505 1405 637 1434 Judaeos?
658 1407 692 1434 At
708 1406 808 1445 ingenti
831 1408 891 1436 illos
907 1408 970 1437 odio

229 1447 458 1485 prosequebanttu·
478 1446 515 1476 ex*
536 1448 579 1483 iis,
607 1459 667 1486 quae
691 1457 782 1478 contra
812 1451 969 1489 magistrum

229 1492 297 1520 faeta
312 1493 426 1521 fuerant.
445 1494 485 1520 An
499 1494 626 1522 Graecos?
640 1496 673 1522 At
684 1494 712 1522 hi
724 1505 776 1523 non
791 1496 878 1524 minus
890 1508 970 1534 quam

229 1539 270 1566 illi
297 1538 368 1577 ipsos
395 1539 601 1577 aversabantur,
628 1539 708 1578 idque
731 1549 828 1570 norunt
856 1543 972 1572 maxime

231 1584 352 1612 omnium
375 1584 475 1613 Graeci.
499 1585 575 1613 Plato
595 1586 676 1622 enim,
689 1587 735 1623 qui
757 1597 853 1616 novam
886 1589 972 1617 voluit

228 1629 367 1657 instituere
383 1629 587 1668 rempublicam,
606 1631 649 1659 vel
665 1631 753 1670 potius
767 1639 869 1671 partem
880 1633 970 1673 reipu-

228 1674 316 1711 blicae,
332 1674 379 1712 qui
396 1685 448 1703 non
462 1675 574 1703 deorum
588 1676 694 1705 nomina
711 1678 835 1713 mutavit,
847 1678 893 1707 sed
914 1686 972 1708 acta

230 1726 255 1747 et
269 1726 340 1757 gesta
357 1720 406 1747 alia
423 1731 470 1758 pro
479 1720 539 1749 aliis
554 1721 672 1759 induxit,
688 1722 714 1750 in
726 1724 878 1761 periculum
890 1725 972 1761 venit,

229 1774 262 1792 ne
276 1775 309 1792 ex
317 1764 409 1793 Sicilia
420 1766 517 1803 ejectus
528 1773 612 1794 morte
624 1767 774 1796 afficeretur
785 1780 791 1796 z
809 1769 869 1806 quia
884 1777 972 1798 autem

229 1809 280 1837 hoc
303 1819 354 1837 non
377 1809 482 1846 accidit,
502 1810 653 1839 libertatem
668 1812 724 1851 ipse
746 1814 843 1842 amisit.
858 1815 893 1842 Et
921 1815 972 1843 nisi

229 1855 360 1883 barbarus
372 1855 482 1893 quidam
499 1855 600 1884 Siciliae
614 1864 729 1896 tyranno
749 1859 841 1887 mitior
867 1860 970 1897 fuisset,

229 1900 299 1928 nihil
320 1900 501 1939 prohibuisset
513 1902 656 1939 quominus
669 1903 847 1943 philosophus
861 1906 888 1934 in
908 1906 972 1935 alie-

230 1956 262 1974 na
276 1952 344 1974 terra
360 1947 480 1975 servituti
493 1947 616 1976 addictus
628 1956 701 1977 esset.
714 1950 794 1988 Atqui
807 1961 858 1980 non
869 1962 918 1990 par
931 1962 972 1980 res

230 1999 279 2027 est,
295 2002 323 2019 ea
339 2003 397 2030 quae
406 1992 441 2020 ad
454 2003 565 2031 regnum
582 1994 713 2032 pertinent
724 1995 860 2032 innovare,
874 2003 899 2025 et
913 2008 972 2035 quae

229 2036 263 2064 ad
277 2037 446 2073 religionem:
465 2038 515 2066 hoe
529 2038 720 2067 enimmaxime
735 2040 854 2069 homines
866 2049 971 2070 contur-

229 2081 275 2109 bat
290 2089 314 2109 et
330 2090 487 2111 commovet.
508 2084 576 2111 Nam
593 2083 691 2119 dicere,
702 2085 807 2114 Hiciste
820 2086 889 2115 hanc
900 2098 970 2116 uxo-

230 2137 285 2155 rem
302 2127 411 2161 durant,
427 2135 460 2162 et,
473 2128 601 2157 Custodes
618 2129 668 2157 hoc
683 2130 761 2159 modo
772 2131 824 2159 sint
835 2133 967 2171 custodes,

231 2182 282 2200 non
295 2172 410 2200 multum
425 2173 531 2202 turbare
545 2182 664 2212 possunt,
690 2186 750 2204 eum
765 2177 881 2206 maxime
895 2178 921 2206 in
936 2178 969 2206 li-

229 2218 278 2246 bro
295 2218 392 2256 scripta
407 2225 478 2253 sunt,
498 2229 544 2246 nec
557 2220 671 2248 multum
685 2228 760 2249 curat
782 2222 928 2260 legislator,
940 2231 970 2253 ut

231 2263 328 2302 scripta
348 2263 374 2292 in
385 2274 451 2302 opus
461 2271 570 2293 exeant:
583 2271 609 2292 at
623 2264 721 2302 dicere,
734 2277 777 2295 eos
789 2267 834 2305 qui
845 2269 969 2298 coluntur

983 932 1007 949 30

987 960 1006 981 Λ

263 2387 271 2398 ⁸·
290 2381 298 2411 [
311 2380 338 2403 Α.
351 2381 377 2403 Β.
393 2381 560 2414 ἀνερῥι’ψκντο.]

262 2426 271 2436 ³
291 2418 332 2442 Sic
348 2420 406 2451 ch.
420 2418 455 2451 [et
468 2418 587 2450 A.]1›eue.
602 2419 668 2444 Ediu
684 2426 768 2444 autem
783 2428 876 2455 πατρῷα
889 2427 927 2451 ἔθη
939 2435 982 2455 με-

230 2468 355 2488 wipo-⁴:53,
368 2457 471 2488 repetita
482 2465 543 2481 voce
554 2461 601 2486 ἑθη.

263 2496 273 2512 ¹·
291 2496 325 2519 De
338 2496 439 2520 Platone
454 2498 551 2528 ejusque
565 2497 589 2520 in
602 2497 712 2521 Siciliam
727 2498 845 2527 transitu,
860 2505 883 2523 et
902 2499 931 2524 ‹le
944 2509 980 2524 re-

1000 162 1153 186 Alienum.

1182 164 1243 186 CON
1249 164 1444 186 §Tim'rixotn

1020 225 1133 262 Χριστοῦ
1154 224 1360 262 συλληφθέντος,
1374 223 1440 260 μετὰ
1456 223 1536 264 μυρία
1559 225 1680 263 θαύματα
1699 228 1721 255 οἱ
1739 226 1786 265 μὲν

1019 269 1120 307 ἔφυγον,
1133 273 1146 298 ὁ
1157 269 1183 298 δὲ
1197 270 1285 306 μείνας
1299 273 1437 307 κορυφαῖος
1445 269 1479 297 ὢν
1488 272 1537 298 τῶν
1548 270 1633 299 ἄλλων
1646 272 1786 310 ἠρνήσατο.

1019 314 1102 343 Πόθεν
1119 311 1160 343 οὖν
1177 317 1200 342 οἱ
1219 316 1312 346 ζῶντος
1330 317 1374 342 τοῦ
1396 315 1510 352 Χριστοῦ
1524 315 1571 350 τὴν
1584 316 1729 352 Ἰουδαϊκὴν
1744 319 1785 357 ὁρ-

1019 359 1070 396 μὴν
1083 361 1129 387 οὐκ
1143 359 1303 397 ἐνεγκόντες,
1318 360 1519 394 τελευτήσαντος
1538 361 1582 389 καὶ
1601 362 1725 400 ταφέντος
1743 362 1788 391 καὶ

1019 404 1082 441 μὴ
1069 404 1241 439 αναστοίντος,
1257 417 1292 436 ως
1306 416 1384 443 φατε,
1404 405 1470 442 μηδὲ
1490 406 1669 444 διαλεχθέντος
1685 409 1787 443 αὐτοῖς,

1019 449 1085 486 μηδὲ
1104 450 1198 487 θάρσος
1217 450 1271 478 ἐνθέ
1273 462 1344 484 ντος,
1369 451 1432 489 πρὸς
1455 451 1582 486 τοσαύτην
1598 453 1789 507 παρετάττοντο

1018 496 1124 531 οἶκουυ.ε
1119 494 1186 529 ’νην;
1205 497 1262 523 Οὐκ
1281 495 1312 523 ἂν
1324 499 1395 524 εἰπον
1410 497 1473 534 πρὸς
1489 496 1610 532 ἑαυτους,
1622 498 1648 526 τί
1660 498 1691 533 δὴ
1714 499 1789 526 τοῦτό

1018 540 1103 573 ἐστιν,
1125 540 1215 568 ἑαυτον
1228 543 1273 568 οὐκ
1295 541 1385 580 ἴσχυσε
1401 554 1500 577 σωσαι,
1516 542 1560 570 καὶ
1580 545 1655 580 ἡμῶν
1667 543 1788 582 προστή-

1018 596 1106 620 esrom
1117 587 1200 624 ἑαυτῷ
1214 587 1258 614 οὐκ
1269 586 1354 624 ἤμυνε
1366 589 1425 621 ζῶν,
1437 587 1481 615 καὶ
1492 590 1556 625 ἡμῖν
1567 593 1644 627 χεῖρα
1656 588 1737 627 ὀρέξει
1750 600 1791 617 τε·

1018 630 1193 665 τελευτηκώς;
1220 631 1295 664 αὐτὸς
1317 633 1365 664 ζῶν
1383 632 1439 660 οὐδὲ
1463 632 1489 660 ἓν
1517 634 1586 666 ἔθνος
1599 633 1724 669 ὑπέταξε,
1745 634 1790 661 καὶ

1017 678 1094 712 ἡμεῖς
1109 675 1156 710 τὴν
1169 676 1322 713 οἰκουμένην
1333 676 1394 711 ὅλην
1410 677 1533 715 πείσομεν
1546 679 1575 707 τὸ
1590 679 1687 707 ἐκείνου
1698 679 1788 717 λέγον-

1018 732 1059 753 τες
1075 721 1156 758 ὄνομα
1168 733 1174 755 ;
1189 721 1233 749 καὶ
1248 723 1304 754 πῶς
1318 721 1348 749 ἂν
1361 722 1417 760 ἔχοι
1428 723 1503 761 λόγον
1517 724 1575 763 οὐχὶ
1585 726 1694 758 ποιῆσαι
1705 727 1787 752 ταῦτα

1020 766 1112 803 μόνον,
1141 767 1199 794 ἀλλ’
1218 769 1338 801 ἐννοῆσαι
1352 771 1428 806 γοῧν;
1442 767 1522 797 “Ὀθεν
1549 770 1626 804 δῆλον
1640 769 1696 806 ὅτι,
1711 771 1733 798 εἰ
1753 769 1789 807 μὴ

1021 807 1087 839 εἶδον
1104 812 1254 841 ἀναστάντα
1275 812 1320 841 καὶ
1342 815 1388 847 τῆς
1412 814 1543 851 δυνάμεως
1563 816 1640 843 αὐτοῦ
1667 815 1792 854 μεγίστην

1019 856 1112 885 {mem
1129 857 1270 893 ἀπόοειξιν,
1284 860 1329 886 οὐκ
1341 859 1370 886 ἂν
1381 870 1501 888 τοσουτον
1530 861 1592 889 co'uts
1587 861 1636 900 ’ῤῥι
1639 863 1690 899 ψαν
1704 860 1791 890 κύὸον.

1021 903 1054 930 Εἰ
1067 902 1118 956 γὰρ
1127 914 1171 930 και
1184 903 1271 941 φίλους
1283 906 1352 942 εἰγον
1363 904 1481 942 μυρίους,
1488 907 1534 934 οὐκ
1543 905 1572 934 ἂν
1583 906 1675 938 εὐθέως
1687 906 1792 945 ἐχθροὺς

1021 930 1164 982 ἐκτησαντο
1177 960 1290 984 παντας,
1300 949 1422 978 παλαιαε
1413 949 1457 984 ἔθη
1471 954 1598 983 κινοῦντες
1610 960 1669 979 και
1665 954 1792 1005 πατρῶα

1019 992 1078 1030 ὅρια
1095 993 1271 1032 μεταίροντες,
1283 994 1376 1022 νυνιδὲ
1392 1007 1436 1023 και
1460 995 1560 1028 πάν-ας
1582 996 1748 1034 πολεμίους’
1737 996 1793 1024 sm}-

1019 1050 1127 1072 κτηντο,
1143 1039 1256 1071 καὶτοὺς
1277 1040 1355 1072 ἰδίους
1368 1040 1412 1068 καὶ
1433 1041 1491 1073 τοὺς
1513 1042 1672 1080 ἀλλοτρίους.
1694 1043 1728 1070 Εἰ
1742 1041 1793 1081 γὰρ

1019 1083 1063 1111 καὶ
1079 1082 1324 1121 αἱδέσιμοιττάντων
1338 1085 1424 1114 ἕνεκεν
1441 1082 1507 1121 ἦσαν
1523 1089 1574 1115 τῶν
1587 1086 1689 1123 ἔξωθεν,
1704 1089 1750 1115 οὐκ
1762 1087 1791 1115 ἂν

1019 1141 1113 1161 παντες
1129 1129 1220 1161 αὐτους
1233 1130 1339 1163 {cozbi
1328 1142 1402 1159 αντο
1414 1130 1505 1166 καινὴν
1521 1131 1655 1160 πολιτείαν
1669 1132 1792 1171 εἰσάγον-

1018 1184 1064 1204 τας
1074 1184 1080 1207 ;
1096 1176 1138 1201 νῦν
1153 1174 1180 1201 οἱ
1195 1174 1239 1202 καὶ
1261 1174 1354 1213 ἔρημοι
1378 1175 1483 1204 πάντων
1496 1175 1653 1232 ἐτύγχανον,
1668 1187 1712 1204 και
1725 1176 1793 1209 εἰκὸς

1019 1220 1050 1252 ἠν
1062 1219 1199 1246 κάντευθεν
1213 1219 1338 1256 μισητους
1355 1219 1474 1257 γενέσθαι
1488 1220 1561 1260 παρὰ
1577 1226 1642 1250 πᾶσι
1658 1221 1703 1249 καὶ
1715 1224 1791 1250 εὐκα-

1018 1264 1203 1303 ταφρονήτους.
1228 1264 1310 1298 Τίνας
1334 1265 1385 1304 γὰρ
1406 1266 1494 1304 βούλει
1521 1268 1620 1303 εἷπεῖν;
1634 1267 1792 1303 Ἰουδαίους;

1019 1309 1088 1338 Ἀλλ’
1104 1309 1204 1348 ἄφατον
1217 1305 1287 1348 εἶχον
1299 1311 1362 1349 πρὸς
1376 1311 1466 1343 αὐτους
1476 1317 1552 1349 μῖσος
1565 1314 1595 1341 ἐκ
1605 1314 1656 1341 τῶν
1670 1312 1734 1352 πρὸς
1747 1313 1791 1341 τὸν

1019 1355 1175 1384 διδάσκαλον
1190 1356 1379 1394 γεγενημένων.
1394 1356 1462 1385 Ἀλλ’
1477 1356 1624 1394 ἽΞλληνας,
1645 1357 1725 1386 Ἀλλὰ
1747 1370 1792 1386 και

1019 1412 1089 1428 ουτοι
1099 1412 1144 1429 ουκ
1159 1399 1204 1428 ἐλ
1190 1412 1283 1429 αττονα
1305 1402 1408 1430 ἐκείνων
1425 1402 1638 1442 ἀπεστράφησαν,
1651 1403 1728 1431 noti*
1718 1415 1790 1433 ισασι

1019 1446 1101 1471 ταῦτα
1117 1444 1232 1481 μάλιστα
1243 1444 1343 1480 “Eum
1331 1458 1380 1478 νες.
1395 1445 1407 1461 ¹³
1418 1446 1533 1474 Πλάτων
1553 1446 1603 1485 γὰρ
1618 1449 1632 1475 ὁ
1656 1447 1790 1476 πολιτείαν

1020 1489 1078 1518 τινὰ
1090 1492 1280 1527 καινοτομῆσαι
1297 1492 1431 1529 βουληθεὶς
1441 1514 1447 1525 ,
1464 1492 1563 1529 μᾶλλον
1575 1492 1602 1520 δὲ
1622 1492 1700 1531 μέρος
1716 1494 1791 1522 πολι-

1020 1534 1106 1570 τείας,
1121 1535 1165 1563 καὶ
1181 1537 1209 1564 οὗ
1220 1536 1252 1563 τὰ
1273 1538 1324 1564 τῶν
1342 1539 1405 1565 θεῶν
1419 1537 1567 1575 μετατιθείς
1592 1537 1707 1575 νόμιμα,
1732 1538 1790 1566 ἀλλ’

1021 1581 1110 1613 ἁπλῶς
1133 1581 1238 1619 πράξεις
1262 1582 1406 1620 εἰσαγαγὼν
1419 1582 1509 1622 ἑτέρας
1529 1583 1584 1611 ἀνθ’
1600 1583 1705 1622 ἑτέρων,
1722 1584 1791 1612 ἐκιν-

1021 1625 1124 1654 δύνευσε
1139 1626 1262 1660 Σικελίας
1277 1628 1393 1656 ἐκπεσὼν
1410 1630 1549 1656 ἀποθανεῖν
1560 1639 1565 1645 ·
1577 1628 1704 1664 ἐπειδὴδὲ
1714 1631 1792 1658 τοῦτο

1022 1674 1049 1702 οὐ
1063 1673 1150 1713 γέγονε
1161 1696 1168 1709 ,
1180 1675 1227 1708 τῆς
1237 1675 1382 1714 ἐλευθερίας
1397 1675 1515 1708 ἐξέπεσεν
1531 1677 1620 1711 αὐτῆς.
1643 1677 1695 1706 Καὶ
1711 1678 1732 1706 εἶ
1754 1678 1791 1716 μὴ

1023 1723 1154 1762 βάρῧαρός
1167 1735 1206 1755 τις
1219 1727 1264 1753 τοῦ
1282 1725 1404 1758 Σικελίας
1424 1725 1548 1765 τυράννου
1567 1726 1671 1765 γε’γονεν
1686 1728 1789 1766 ἡμερώ-

1022 1784 1109 1810 τερος,
1120 1772 1192 1801 οὖδὲν
1208 1773 1305 1801 ἐκώλυε
1320 1774 1458 1808 διαπαντὸς
1479 1776 1607 1804 δουλεύειν
1621 1777 1665 1805 τὸν
1678 1777 1787 1816 φιλόσο-

1022 1833 1067 1860 φον
1081 1823 1106 1850 ἐν
1119 1823 1252 1861 ἀλλοτρίᾳ.
1265 1823 1357 1852 Καίτοι
1372 1836 1400 1862 γε
1414 1826 1460 1852 οὐκ
1474 1824 1529 1853 ἴσον
1545 1825 1601 1853 ἐστὶ
1613 1825 1646 1854 τὰ
1658 1826 1718 1865 περὶ
1734 1828 1786 1865 βα·-

1022 1871 1120 1912 σιλείας
1131 1877 1303 1910 καινοτομεῖν,
1318 1873 1361 1901 καὶ
1376 1873 1409 1902 τὰ
1420 1874 1479 1914 περὶ
1489 1875 1628 1913 θρησκείας
1636 1887 1642 1893 ·
1656 1880 1732 1905 τοῦτο
1741 1877 1792 1917 γὰρ

1023 1921 1140 1957 μάλιστα
1154 1922 1257 1960 θορυὸεῖ
1279 1923 1323 1951 καὶ
1349 1924 1473 1962 ταράττει
1495 1924 1552 1956 τοὺς
1573 1925 1731 1965 ἀνθρώπους.
1753 1928 1793 1956 Τὸ

1022 1970 1072 2010 γὰρ
1084 1972 1176 2006 εἰπεῖν,
1192 1971 1232 2000 ὅτι
1246 1974 1259 2000 ὁ
1271 1973 1338 2000 δεῖνα
1349 1973 1393 2000 καὶ
1407 1975 1420 2001 ὁ
1435 1974 1505 2001 δεῖνα
1517 1973 1564 2008 τὴν
1578 1974 1647 2003 δεῖνα
1655 1975 1790 2014 γαμείτω-

1024 2031 1081 2055 σαν,
1096 2020 1140 2049 καὶ
1151 2023 1174 2049 οἱ
1188 2021 1300 2060 φύλακες
1311 2026 1399 2051 τοῦτον
1411 2022 1454 2051 τὸν
1465 2023 1561 2062 τρόπον
1578 2023 1694 2053 ἔστωσαν
1711 2025 1792 2064 φύλα-

1024 2082 1081 2104 κες,
1096 2072 1123 2099 οὐ
1137 2071 1237 2110 σφόδρα
1249 2072 1335 2100 ἱκανὸν
1351 2072 1495 2111 θορυὸἧσαι
1505 2085 1511 2090 ·
1529 2073 1573 2101 καὶ
1589 2073 1717 2111 μάλιστα,
1729 2075 1791 2104 ὅταν

1024 2121 1049 2148 ἐν
1066 2120 1158 2160 βιὸλίῳ
1170 2117 1186 2159 ᾗ
1201 2124 1283 2149 ταῦτα
1297 2122 1404 2159 κείμενα
1414 2144 1421 2157 ,
1434 2121 1479 2150 καὶ
1492 2122 1528 2160 μὴ
1540 2121 1625 2158 πολλὴ
1636 2124 1735 2159 σπουδὴ
1745 2127 1791 2152 τοῦ

1023 2172 1220 2207 νομοθετοῦντος
1233 2170 1338 2208 γίνηται
1361 2172 1396 2203 εἷς
1417 2172 1490 2211 ἔργον
1506 2172 1577 2210 ἄγειν
1598 2172 1632 2201 τὰ
1648 2173 1791 2211 λεγόμενα·

1023 2220 1052 2248 τὸ
1073 2219 1159 2258 μέντοι
1173 2232 1202 2258 γε
1220 2220 1314 2258 λέγειν,
1328 2220 1367 2248 ὅτι
1382 2222 1428 2249 οὐκ
1442 2220 1490 2249 εἶσὶ
1509 2221 1561 2249 θεοὶ
1578 2223 1601 2250 οἱ
1616 2223 1792 2261 θεραπευόμε-

1023 2280 1078 2304 νοι,
1108 2270 1165 2298 ἀλλ’
1187 2268 1227 2297 ὅτι
1254 2269 1374 2307 δαίμονές
1395 2271 1469 2306 εἰσιν,
1491 2271 1530 2299 ὅτι
1546 2273 1559 2300 ὁ
1574 2272 1792 2311 *ἐσταυρωμένος

1032 2386 1086 2411 (litu
1097 2395 1125 2410 ex
1139 2386 1239 2419 eadem,
1252 2388 1307 2412 vide
1320 2388 1480 2413 Plutarchum
1494 2390 1518 2414 in
1527 2390 1583 2414 vim
1594 2389 1688 2422 Dionis,
1700 2396 1724 2415 et
1734 2391 1791 2416 Dio-

1032 2433 1118 2457 genem
1131 2426 1257 2450 Laenium
1272 2426 1296 2450 iu
1309 2426 1422 2452 Platone.

1066 2465 1072 2472 ’
1092 2464 1099 2495 [
1112 2465 1161 2489 ἀλλ’
1179 2465 1237 2490 οὗτοι
1250 2468 1292 2496 μὲν
1304 2467 1413 2497 δαίμονες,
1425 2469 1435 2491 ὀ
1447 2468 1470 2490 ὗε·
1482 2471 1527 2492 ἐπ.
1542 2467 1569 2490 Α.
1584 2467 1701 2492 omittens
1714 2468 1788 2492 ctiam

1033 2503 1099 2531 prius
1116 2504 1170 2533 ἔπῃ]
