1845 2876
545 161 560 183 S
567 176 574 183 .
602 161 682 184 JOAN
689 162 706 184 λ
713 162 740 184 ts
767 160 947 184 cutn'sosT.

232 153 239 164 Ι

195 152 242 195 44

195 222 341 250 admodum
363 221 481 261 persuasi
501 222 610 250 fuissent
633 222 689 250 siue
718 221 810 251 divina
833 222 932 251 virtute
948 224 965 246 B

196 278 247 296 non
263 278 338 307 posse
351 267 503 306 quempiam
518 278 650 307 superare.
666 267 747 304 Quod
770 268 791 296 si
811 268 889 296 etiam
905 278 932 296 sc

197 314 302 342 vincere
317 324 392 353 posse
406 313 556 352 sperabant,
571 324 622 351 qua
634 324 679 353 spe
691 314 751 342 sulti
767 320 838 342 tanta
851 314 932 342 adiis-

198 366 255 388 sent
269 359 397 398 pericula,
410 359 460 387 nisi
480 359 515 387 ad
529 359 619 387 futura
638 359 834 398 respexissent?
849 360 933 387 Pona-

196 416 255 433 tuus
269 412 356 434 autem
372 405 432 434 illos
448 416 476 433 se
489 412 658 445 superaturos
668 416 794 444 sperasse,
814 405 877 443 quid
889 405 932 433 lu·

196 452 233 481 cri
259 452 399 491 sperabant
407 462 441 480 ex
457 463 498 490 eo,
524 451 595 490 quod
616 462 705 480 omnes
718 451 879 480 adducerent
897 451 933 480 ad

196 508 256 526 euin
271 497 317 535 qui
331 508 382 526 non
401 497 555 534 resurrexit,
570 497 639 526 sicut
650 497 758 525 dicitis?

235 544 263 572 ⁴.
277 544 346 572 Nam
360 543 382 572 si
403 553 473 572 nunc
495 543 615 571 homines
636 543 682 581 qui
703 542 874 571 crediderunt
898 542 932 571 dc

194 598 276 627 regno
290 588 417 617 caelorum
432 595 457 617 et
486 588 520 617 de
545 588 692 616 innumeris
712 588 797 625 bonis,
821 588 933 618 difficile

195 635 313 674 pericula
330 635 454 670 subeunt,
481 634 614 673 quomodo
629 641 701 662 tanta
716 634 847 662 incassum
863 634 933 673 passi

194 689 290 717 essent,
311 683 364 711 imo
381 693 444 710 vero
465 681 499 710 ad
530 682 649 710 malum?
671 681 699 709 si
715 681 784 708 enim
795 692 846 709 non
865 682 932 710 facta

193 728 303 757 fuissent
315 729 361 757 illa
376 739 434 766 quae
449 739 510 756 vere
523 728 589 755 sacta
602 733 673 761 sunt,
690 733 715 755 et
731 726 753 754 si
768 726 891 755 Christus
906 728 933 755 in

193 774 349 802 eielumnon
359 773 529 809 ascendisset,
546 772 603 800 hmo
627 772 726 810 fingere
749 772 933 800 contendentes

194 828 218 848 et
234 820 293 848 aliis
307 818 476 858 persuadere,
494 820 581 846 Deum
596 817 722 846 offensuri
744 824 817 846 eraut
832 825 857 846 et
873 819 932 847 mil·
948 813 965 836 C

193 866 218 893 Ie
229 865 356 904 asuperis
368 864 480 892 fulmina
494 864 683 903 exspectaturi.
706 864 833 902 Alioquin
844 872 932 893 autem

191 912 296 941 etiamsi
308 911 415 941 vivente
425 910 532 939 Christo
544 917 645 938 tantam
668 910 821 939 habuissent
831 911 929 940 alacri-

193 965 284 993 tatem,
301 958 358 996 ipso
384 963 490 984 mortuo
517 956 592 984 illam
607 956 807 985 exstinxissent.
824 958 892 986 Nam
908 957 930 985 si

192 1014 244 1032 non
256 1002 452 1038 resurrexisset,
466 1001 531 1040 ipsis
541 1001 665 1040 deceptor
677 1008 702 1030 et
710 1002 850 1031 simulator
865 1003 930 1032 fuis-

193 1056 241 1078 set.
258 1051 299 1078 An
311 1048 418 1077 nescitis
428 1047 562 1076 exercitus
576 1047 682 1076 vivente
701 1048 769 1077 duce
782 1056 806 1077 et
816 1050 930 1089 impera-

191 1102 258 1129 tore,
284 1094 386 1123 etiarnsi
407 1093 508 1121 debiles
523 1100 548 1121 et
576 1103 629 1121 non
643 1094 777 1122 numerosi
795 1095 857 1132 sint,
868 1106 929 1125 con-

191 1140 299 1176 sistere;
314 1139 369 1167 illis
392 1148 457 1167 vero
482 1138 623 1173 defunctis,
642 1139 745 1167 etiamsi
767 1139 851 1168 validi
866 1140 928 1177 sint,

191 1186 323 1214 dissolvi?
336 1185 516 1221 Quibusnam,
540 1194 638 1222 quaeso,
666 1185 852 1223 probabilibus
881 1197 928 1215 ra—

191 1231 309 1260 tionibus
335 1230 409 1259 usuri
436 1236 510 1257 erant
524 1229 740 1268 praedicationem
765 1233 927 1271 aggressuri,

192 1283 216 1304 et
236 1287 282 1315 per
296 1276 386 1304 orbem
402 1281 488 1303 totum
503 1275 623 1303 exituri?
641 1282 706 1313 quot
732 1276 928 1316 impedimentis

191 1332 244 1350 1:011
254 1321 353 1350 detenti
366 1320 493 1349 fuissent?
512 1321 580 1348 Nam
593 1320 615 1348 si
629 1321 745 1350 furentes
764 1331 839 1352 crant
859 1324 928 1361 (hoc

190 1367 297 1396 dicendi
312 1367 392 1395 finem
414 1377 466 1395 non
487 1366 619 1403 faciam),
639 1367 707 1396 nihil
728 1369 833 1407 penitus
859 1378 928 1400 recte

190 1414 350 1452 gessissent;
373 1423 450 1440 nemo
473 1412 544 1440 enim
568 1413 718 1442 furentibus
741 1415 927 1455 obtemperat:

189 1460 212 1488 si
224 1465 314 1487 autem
340 1469 395 1487 rem
411 1458 478 1486 hene
496 1465 633 1496 gesserunt
647 1480 655 1497 ,
672 1466 702 1488 ut
726 1469 861 1498 gesserunt
876 1463 928 1491 uti-

190 1516 250 1544 que,
260 1512 284 1534 et
294 1505 355 1533 finis
366 1504 491 1541 ostendit,
505 1504 625 1532 omnium
638 1505 826 1544 sapientissimi
841 1515 925 1538 erant.

189 1551 218 1580 Si
246 1550 367 1579 omnium
384 1549 572 1589 sapientissimi
595 1557 678 1585 erant,
701 1552 790 1590 palam
804 1561 843 1581 est
866 1555 928 1583 illos

188 1608 241 1625 non
253 1604 350 1624 temere
363 1595 397 1623 ad
419 1594 635 1633 praedicationem
649 1597 759 1625 venisse.
782 1598 841 1627 Nisi
857 1600 927 1629 enim

188 1642 319 1671 vidissent
333 1641 411 1669 illum
424 1640 609 1675 resurrexisse,
625 1641 692 1679 quid
706 1649 808 1681 poterat
822 1644 883 1674 illos
893 1647 928 1675 ad

188 1688 240 1716 hoc
258 1687 360 1716 bellum
383 1686 511 1714 educeress³
532 1686 598 1724 quid
618 1697 670 1715 non
691 1688 751 1717 illos
771 1690 928 1721 avertisset?

189 1733 267 1762 Dixit
282 1733 346 1768 illis,
358 1732 422 1760 Post
448 1738 501 1759 tres
516 1731 573 1760 dies
589 1743 739 1771 resurgam,
766 1742 791 1763 et
817 1747 928 1775 regnum

189 1781 315 1809 caelorum
326 1779 462 1818 pollicitus
482 1785 519 1807 est
534 1790 539 1806 :
555 1778 626 1808 dixit
649 1780 712 1816 illis,
738 1783 811 1819 quod
835 1784 928 1814 orbem

189 1833 321 1855 terrarum
333 1823 481 1863 superaturi
497 1831 592 1860 essent,
606 1832 713 1864 accepto
739 1828 842 1866 Spiritu
861 1840 925 1859 san-

188 1879 242 1909 eto,
256 1878 280 1900 et
292 1871 326 1899 ad
340 1870 397 1898 haec
408 1869 546 1898 innumera
555 1869 811 1902 aliadixitnaturam
821 1885 926 1906 omnem

188 1917 349 1957 superantia.
368 1917 468 1954 Itaque,
484 1915 505 1944 si
520 1915 590 1944 nihil
609 1916 706 1945 horum
720 1920 860 1958 evenisset,
877 1923 925 1951 etsi

188 1963 289 1993 viventi
302 1962 477 1998 crediderant,
487 1973 517 1990 eo
530 1969 634 1991 mortuo
646 1973 698 1992 non
713 1965 782 1994 ultra
791 1967 924 1997 credidis-

189 2016 255 2045 sent,
269 2009 320 2037 nisi
343 2008 528 2036 resuscitatum
548 2007 829 2040 vidissent.Dixissent
840 2014 922 2052 enim,

187 2059 250 2086 Post
271 2063 324 2085 tres
345 2055 401 2084 dies
415 2066 442 2083 se
457 2062 667 2086 resurrecturum
687 2056 769 2094 dixit,
781 2067 806 2088 et
817 2071 868 2090 non
884 2073 924 2091 re-

186 2101 303 2131 surrexit
317 2114 325 2130 ι
339 2101 469 2139 Spiritum
485 2111 512 2129 se
539 2101 666 2130 daturum
683 2104 814 2143 promisit,
832 2113 857 2135 et
871 2118 922 2137 non

187 2149 261 2178 misit
278 2161 284 2177 ε
301 2147 434 2187 quomodo
458 2158 520 2186 ergo
540 2148 573 2176 de
587 2149 686 2178 suturis
713 2150 754 2180 illi
775 2153 922 2193 credemus,

187 2206 248 2223 cum
262 2193 400 2233 praesentia
424 2193 483 2221 salsi
505 2194 625 2222 convicta
650 2195 722 2223 sint?
735 2198 795 2232 Qua
817 2198 851 2228 de
861 2211 921 2229 cau-

187 2253 225 2277 sa,
238 2242 259 2270 si
272 2251 323 2269 non
338 2240 535 2277 resurrexisset,
554 2241 728 2279 praedicarent
746 2245 822 2275 illum
834 2258 923 2277 resur·
936 2243 959 2292 {3

189 2291 310 2320 rexisse?
332 2290 403 2326 Quia
431 2290 520 2329 ipsum
545 2291 688 2330 amabant,
710 2294 822 2332 inquies.
840 2299 923 2337 Atqui

188 2342 277 2381 ipsum
302 2340 398 2370 deinde
426 2340 489 2369 odio
518 2340 639 2369 habituri
674 2351 748 2372 erant
761 2368 768 2381 ,
796 2347 868 2384 quod
897 2360 924 2379 se

187 2391 332 2430 decepisset
346 2398 370 2419 et
384 2390 558 2430 prodidisset,
571 2397 595 2419 et
607 2391 678 2429 quod
687 2393 760 2423 mille
771 2395 847 2425 sactis
860 2409 922 2438 pro-

944 1267 962 1290 D

219 2483 231 2500 l·
250 2482 287 2513 [A.
300 2484 365 2509 &2530
380 2485 444 2507 b'rz...
458 2484 541 2516 ἐριλονε
544 2485 620 2507 [mun.-

637 2487 689 2509 .καὶ
707 2491 736 2516 τῷ
750 2489 772 2510 02
775 2493 800 2518 ῷ.
814 2487 840 2511 Β.
855 2493 892 2514 otus
883 2493 934 2521 ¹60,

183 2525 202 2547 οὶ
214 2521 241 2552 (c
261 2528 326 2545 corr.
344 2528 390 2551 pro
410 2519 484 2551 ἔτι).-

492 2524 679 2553 .ειλονεικοῦντες
671 2541 694 2552 ,,
724 2528 760 2549 καὶ
777 2532 808 2557 τῷ
826 2530 846 2551 θ.
867 2528 935 2553 Infra

972 161 1127 184 AtzCfflEP.
1156 160 1217 183 CON
1224 159 1409 182 STANTlNOP
1416 173 1423 181 .

985 221 1138 261 ριγενὲσθαι.
1153 222 1186 250 Εἰ
1207 220 1234 249 δὲ
1249 220 1293 248 καὶ
1315 218 1482 258 προσεδόκων
1497 218 1644 258 κρατῆσαι,
1666 216 1755 251 ποίαις

984 267 1072 297 ἐλπίσι
1086 267 1222 299 τοσούτους
1238 265 1390 304 ἀνεδέχοντο
1400 264 1545 300 κινδύνους,
1561 266 1582 293 εἷ
1594 263 1630 302 μὴ
1643 262 1706 302 πρὸς
1720 263 1754 292 τὰ

986 313 1112 351 μέλλοντα
1129 312 1216 351 ἑώρων
1229 324 1235 346 ;
1247 312 1345 348 Θῶμεν
1362 309 1405 344 δὲ,
1419 309 1458 339 ὅτι
1471 309 1515 338 καὶ
1526 310 1635 344 ἤλπιζον
1649 309 1752 348 κρατῆ-

985 369 1029 386 σαι
1041 370 1047 375 ·
1058 358 1083 386 τί
1094 357 1260 396 προσεδόκιι)ν
1273 355 1418 395 κερδαίνειν
1428 356 1457 383 ἐκ
1466 358 1511 384 τοῦ
1519 355 1661 395 προσάγειν
1671 353 1754 382 ἅπαν-

984 415 1030 436 τας
1040 405 1077 442 τῷ
1093 403 1130 441 μὴ
1147 401 1289 431 ἀναστάντι
1299 423 1306 436 ,
1319 401 1408 434 καθώς
1424 412 1504 440 φατες

1023 537 1055 565 Εἴ
1070 536 1120 575 γὰρ
1135 539 1178 565 νῦν
1194 535 1380 568 πιστεύσαντες
1395 535 1528 574 ἄνθρωποι
1541 534 1601 573 περὶ
1617 532 1752 573 βασιλείας

983 583 1099 620 οὐρανῶν
1114 582 1159 610 καὶ
1176 581 1274 620 μυρίων
1287 583 1400 620 ἀγαθῶν,
1417 580 1552 613 δυσκόλως
1563 579 1752 618 καταδέχονται

983 626 1113 659 κινδύνους
1123 650 1130 663 ,
1144 629 1200 660 πῶς
1222 627 1251 654 ἂν
1267 628 1359 655 ἐκεῖνοι
1375 627 1461 664 μάτην
1473 629 1587 654 τοσαῦτα
1602 625 1631 653 ἂν
1643 625 1754 663 ὑπέμει-

984 683 1039 707 ναν,
1062 673 1160 709 μᾶλλον
1179 672 1206 700 δὲ
1221 671 1267 700 καὶ
1284 671 1326 700 ἐπὶ
1339 674 1430 710 κακῷ;
1447 672 1480 700 Εἰ
1494 671 1544 711 γὰρ
1558 670 1594 709 μὴ
1607 670 1707 709 ἐγένετο
1720 669 1754 699 τὰ

984 717 1161 756 γεγενημένα,
1179 717 1245 756 μηδὲ
1264 719 1300 750 εἷς
1320 717 1363 746 τὸν
1378 717 1483 756 οὐρανὸν
1497 719 1510 745 ὁ
1523 716 1635 756 Χριστὸς
1645 715 1754 751 ιὀἰνε’6η,

985 763 1089 795 πάντως
1098 785 1105 798 ,
1120 766 1203 791 ταῦτα
1217 763 1341 792 πλάττειν
1356 764 1560 802 φιλονεικοῦντες
1572 761 1617 790 καὶ
1633 760 1691 794 τοὺς
1703 761 1750 790 ἄλ-

984 809 1044 840 λους
1055 808 1164 845 πείθειν,
1174 811 1211 837 τῶ
1223 810 1284 848 Θευ
1294 808 1466 848 προσκρούειν
1477 808 1584 846 ἔμελλον
1593 807 1637 836 καὶ
1649 806 1755 846 μυρίους

985 853 1080 883 ἄνωθεν
1095 856 1244 893 προσδοκᾶν
1258 853 1406 893 κεραυνούς.
1424 853 1523 887 Ἄλλως
1535 853 1578 890 δὲ,
1594 855 1616 882 εἷ
1630 853 1675 882 καὶ
1693 854 1755 886 ζῶν-

983 910 1027 933 τος
1040 903 1084 928 τοῦ
1100 901 1216 939 Χριστου
1231 899 1361 934 τοσαύτην
1387 903 1456 938 εἰχον
1479 899 1634 939 προθυμίαν,
1656 901 1754 928 ἀποθα-

982 945 1068 977 νόντος
1090 945 1119 974 ἂν
1141 945 1251 975 {cesama
1275 945 1364 980 αὐτην.
1387 944 1480 977 Ἔδοξε
1498 945 1549 983 γὰρ
1568 956 1597 972 αν
1618 945 1713 979 αὐτοῖς,
1730 946 1753 973 εἷ

983 990 1049 1028 μὴ
1035 991 1129 1027 ανέστη
1139 1014 1146 1028 ,
1169 991 1291 1020 ἀπατεὼν
1312 986 1378 1019 εἰναί
1392 1002 1431 1023 τις
1447 1003 1491 1019 και
1506 1002 1591 1029 ειρων.
1614 989 1698 1018 Οὒκ”
1689 1001 1752 1025 ιστε,

982 1049 1022 1065 οτι
1033 1036 1065 1065 τὰ
1083 1037 1267 1077 στρατόπεδα,
1281 1039 1327 1065 τοῦ
1343 1036 1389 1074 μὲν
1405 1039 1550 1076 στρατηγοῦ
1564 1047 1608 1064 και
1624 1034 1752 1074 βασιλέως

982 1083 1091 1118 ζῶντος,
1117 1083 1164 1111 κᾶν
1189 1085 1283 1117 ἀσθενῆ
1307 1085 1338 1121 ᾐ,
1363 1086 1559 1137 συγκροτεῖται·
1586 1081 1751 1109 ἀπελθόντων

982 1126 1032 1154 δε’
1021 1128 1137 1163 εκείνων,
1153 1127 1201 1156 κᾶν
1219 1127 1313 1168 ἰσχυρὰ
1324 1131 1340 1167 ᾐ
1349 1150 1356 1163 ,
1370 1127 1443 1156 διαλ’
1424 1139 1516 1163 υεται,
1528 1126 1618 1159 Ποίοις
1629 1121 1682 1161 οὐν,
1696 1126 1753 1156 εἶπέ

982 1184 1044 1209 μοι,
1059 1173 1144 1211 λόγοις
1164 1173 1305 1212 ἐκέχρηντο
1320 1176 1453 1209 πιθανοῖς,
1470 1173 1609 1211 μέλλοντες
1622 1172 1751 1201 ἅπτεσθαι

980 1221 1024 1247 τοῦ
1035 1219 1203 1259 κηρύγματος
1213 1219 1259 1248 καὶ
1272 1219 1335 1259 πρὸς
1346 1219 1394 1255 τὴν
1408 1219 1560 1258 οἰκουμένην
1572 1218 1666 1252 ἐξιέναι
1678 1219 1749 1247 ἅπα-

980 1275 1044 1300 σαν;
1059 1264 1141 1297 ποίοις
1161 1264 1187 1293 δὲ
1203 1263 1356 1302 κωλύμασιν
1371 1266 1417 1293 οὐκ
1429 1264 1459 1292 ἂν
1474 1264 1689 1303 κατεσχέθησαν;
1716 1264 1752 1293 Εἰ

979 1309 1030 1349 γὰρ
1050 1322 1202 1348 μαινομξνοῑ
1217 1306 1284 1346 {Gall
1301 1310 1342 1349 (TO
1356 1310 1407 1350 γὰρ
1424 1310 1486 1338 αὐτο
1501 1310 1583 1349 λὶγων
1599 1311 1627 1338 οὗ
1645 1309 1751 1338 παύσο-

981 1357 1058 1393 μαι),
1071 1355 1143 1385 οὔδεν
1154 1356 1219 1389 ὅλως
1236 1359 1400 1395 κατορθωσαι
1416 1356 1484 1384 ἔδει
1499 1355 1580 1387 ουδεις
1592 1355 1643 1394 γὰρ
1659 1366 1753 1393 μαινο-

981 1400 1066 1438 μένοις
1079 1401 1213 1430 πείθεται·
1238 1403 1260 1430 εἰ
1280 1401 1307 1430 δὲ
1329 1401 1515 1455 κατώρθωσαν,
1532 1400 1622 1440 ὥσπερ
1643 1404 1686 1429 οὖν
1705 1400 1754 1429 καὶ

981 1446 1171 1485 κατωρθωσαν,
1192 1447 1236 1475 καὶ
1257 1446 1370 1475 δείκνυσι
1391 1459 1420 1475 το
1442 1446 1531 1482 τέλος,
1555 1446 1659 1475 πάντων
1683 1449 1752 1481 ἠσαν

981 1492 1133 1531 σοφώτεροι.
1154 1494 1186 1521 Εἰ
1209 1492 1235 1521 δὲ
1253 1492 1358 1520 πάντων
1377 1488 1443 1527 ἦσαν
1464 1491 1620 1532 σοφώτεροι,
1642 1491 1749 1527 εὔδηλον

981 1538 1020 1566 ὅτι
1035 1539 1081 1566 οὐκ
1099 1538 1128 1566 ἂν
1148 1538 1237 1571 ἁπλῶς
1256 1534 1334 1572 ἦλθον
1355 1538 1399 1566 ἐπὶ
1409 1538 1438 1566 τὸ
1448 1538 1581 1576 κήρυγμα.
1602 1538 1636 1566 E?
1650 1537 1700 1576 γὰρ
1711 1536 1749 1575 μὴ

982 1578 1047 1611 εἶδον
1064 1583 1140 1612 αὐτὸν
1160 1583 1307 1612 ἀναστάντα
1318 1606 1325 1619 ,
1342 1583 1367 1611 τί
1386 1579 1416 1619 ἦν
1438 1584 1525 1612 ἱκανὸν
1548 1582 1639 1616 αὐτοὺς
1653 1583 1749 1622 ἐξαγα-

981 1627 1035 1666 γεῖν
1057 1628 1100 1657 ἐπὶ
1121 1629 1164 1657 τὸν
1187 1628 1303 1667 πόλεμον
1326 1631 1433 1664 τοῦτον,
1457 1628 1483 1657 τί
1503 1627 1530 1657 δὲ
1551 1630 1597 1657 οὐκ
1610 1628 1640 1656 ἂν
1657 1627 1750 1661 αὐτοὺς

982 1673 1139 1713 &sterpetum
1152 1669 1235 1703 Εἶπεν
1247 1675 1332 1707 αὐτοῖς
1342 1695 1349 1708 ,
1369 1673 1408 1702 ὅτι
1422 1673 1488 1712 μετὰ
1498 1679 1567 1712 τρεῖς
1577 1673 1678 1713 ἡμέρας
1690 1674 1751 1702 ἀνα-

983 1719 1128 1757 στήσομαι,
1148 1720 1193 1748 καὶ
1208 1720 1267 1758 περὶ
1282 1720 1416 1758 βασιλείας
1430 1721 1543 1759 οὐρανῶν
1558 1719 1731 1758 ἐπηγγείλατο
1743 1730 1750 1738 ·

945 1768 963 1790 E
983 1760 1065 1800 εἶπεν,
1080 1764 1119 1792 ὅτι
1132 1765 1293 1803 κρατήσουσι
1307 1768 1354 1799 τῆς
1368 1764 1520 1803 οἰκουμένης
1533 1765 1644 1801 Πνεῦμα
1654 1763 1750 1793 λαὲόν·

981 1821 1022 1842 τες
1039 1810 1111 1849 ἅγιον
1121 1821 1127 1827 ·
1146 1810 1192 1838 καὶ
1204 1809 1285 1850 μυρία
1299 1810 1363 1849 πρὸς
1373 1809 1471 1842 τούτοις
1483 1809 1560 1848 ἔτερα
1571 1814 1659 1838 πᾶσαν
1671 1811 1750 1848 ὑπερ-

981 1855 1103 1884 ὅαίνοντα
1123 1855 1209 1895 φύσιν.
1233 1855 1314 1883 ‘'stc-te
1331 1857 1352 1883 εἷ
1374 1855 1454 1893 μηδὲν
1475 1855 1573 1884 τούτων
1594 1855 1706 1893 γέγονεν,
1726 1856 1749 1883 εἰ

979 1901 1023 1929 καὶ
1043 1902 1121 1935 ζῶντι
1142 1901 1283 1935 ἐπείθοντο,
1305 1900 1507 1935 τελευτήσαντος
1525 1902 1571 1929 οὐκ
1586 1900 1616 1928 ἂν
1627 1900 1749 1936 ἐπείσθη-

980 1957 1040 1982 σαν,
1064 1948 1087 1974 εἷ
1110 1946 1146 1984 μὴ
1168 1942 1233 1976 εἶδον
1255 1946 1413 1975 ἀναστάντα.
1437 1942 1520 1975 Εἶπον
1543 1945 1594 1985 γὰρ
1611 1945 1657 1975 ἄν·
1679 1945 1747 1984 μετὰ

979 1997 1046 2030 τρεῖς
1067 1992 1168 2032 ἡμέρας
1189 1992 1276 2030 ἔλεγεν
1298 1992 1496 2030 ἀναστήσομαι,
1512 1992 1557 2020 καὶ
1573 1994 1620 2019 οὐκ
1635 1991 1730 2026 ἀνέστη
1740 2003 1746 2008 ·

978 2038 1087 2075 Πνεῦμα
1102 2037 1231 2076 ὑπέσχετο
1248 2037 1354 2073 δώσειν,
1380 2038 1425 2066 καὶ
1440 2039 1486 2066 οὐκ
1501 2038 1602 2076 ἔπεμψε
1612 2049 1618 2054 ·
1633 2039 1689 2070 πῶς
1702 2032 1745 2066 οὖν

977 2083 1042 2122 ὑπὲρ
1056 2085 1107 2111 τῶν
1132 2083 1277 2121 μελλόντων
1300 2085 1370 2122 αὐτῷ
1383 2083 1566 2121 πιστεύσομεν,
1582 2085 1634 2111 τῶν
1650 2082 1747 2122 παρόν-

975 2140 1026 2156 των
1046 2128 1240 2166 ἐληλεγμένων;
1267 2128 1346 2160 Τίνος
1369 2129 1396 2157 δὲ
1420 2128 1506 2156 ἕνεκεν
1522 2128 1558 2166 μὴ
1577 2128 1747 2163 ἀναστάντος,

976 2173 1115 2213 ἐκήρυττον
1138 2174 1178 2203 ὅτι
1203 2174 1315 2210 ἀνέστης
1338 2174 1449 2209 Ἐπειδὴ
1467 2174 1570 2213 ἐφίλουν
1590 2173 1679 2211 αὐτὸν,
1698 2185 1748 2213 φη-

976 2219 1010 2248 σί.
1034 2220 1087 2248 Καὶ
1107 2220 1158 2258 μὴν
1177 2224 1262 2259 μισεῖν
1275 2219 1366 2248 λοιπὸν
1383 2220 1451 2252 εἰκὸς
1465 2216 1497 2255 ἦν
1512 2219 1687 2254 ἀπατήσαντα
1702 2219 1748 2248 καὶ

976 2266 1176 2305 προδεδωκότα,
1200 2265 1243 2295 καὶ
1267 2266 1307 2294 ὅτι
1333 2265 1437 2305 μυρίαις
1455 2267 1546 2298 αὐτοὺς
1567 2265 1667 2294 ἐλπίσιν
1683 2265 1747 2294 ε’ποί-

980 2324 1024 2351 ρας
1035 2333 1042 2346 ,
1063 2312 1108 2340 καὶ
1129 2312 1211 2344 οἰκίας
1229 2311 1274 2340 καὶ
1285 2311 1380 2350 γονέων
1396 2311 1440 2340 καὶ
1455 2311 1559 2340 πάντων
1575 2310 1745 2347 ἀποστήσας,

978 2357 1022 2386 καὶ
1032 2357 1172 2396 ὁλόκληρον
1185 2357 1254 2390 ἔθνος
1266 2357 1453 2395 ἐκπολεμώσας
1464 2358 1549 2389 αὐτοῖς
1561 2357 1590 2385 τὸ
1601 2355 1745 2391 Ἰουδαίων,

978 2402 1124 2442 προέδωκεν
1138 2403 1252 2442 ὕστερον.
1268 2403 1320 2432 Καὶ
1335 2404 1357 2431 εἰ
1373 2402 1419 2440 μὲν
1435 2402 1567 2434 ἀσθενείας
1583 2398 1613 2437 ἦν
1628 2402 1658 2430 τὸ
1672 2402 1745 2441 γενό-

986 2498 1088 2526 uterque
1105 2496 1189 2523 ταύτην
1199 2498 1238 2523 τὴν
1255 2497 1387 2527 προθυμίαν,
1401 2493 1592 2524 altwise-1105]
