1865 2871
101 767 115 785 Λ
123 775 128 785 1
135 768 165 787 „nri
178 769 230 788 iina—

90 805 124 823 gu·

249 206 293 239 92
599 207 627 227 S.

247 266 306 303 quis
331 266 419 304 ipsum
444 265 530 305 pictor
549 266 694 305 effingeret,
721 277 772 295 non
797 267 980 295 aberraturum

247 311 327 339 fuisse
340 311 407 338 mihi
423 310 537 347 videtur,
548 311 569 339 si
589 311 626 340 sic
645 312 732 350 ipsum
747 312 908 340 efformaret:
922 323 981 340 mu-

245 356 338 385 lierem
354 367 447 395 nempe
467 357 612 395 quamdam
633 357 716 386 forma
743 358 872 395 belluina,
885 358 982 386 barba-

246 411 313 435 ram,
331 401 419 439 ignem
434 402 588 440 spirantem,
601 403 783 441 injucundam,
797 403 981 440 nigra111‚qua-

245 446 282 474 les
296 447 397 475 externi
418 454 498 486 poeta:
521 447 626 486 Scyllas
650 447 806 486 depingunt.
832 448 981 476 Innumeris
1000 459 1017 481 ῃ

245 492 315 520 enim
330 493 452 521 manibus
473 493 644 531 cogitationes
667 500 767 521 nostras
791 493 979 532 apprehendit,

245 544 323 575 atque
336 548 370 566 ex
390 539 535 577 improviso
550 538 709 576 ingreditur,
723 539 863 575 omniaque
877 538 978 565 discer-

244 582 284 620 pit
308 590 332 611 et
354 583 488 620 dilacerat,
505 584 572 611 sicut
587 594 661 611 canes
684 583 835 611 clanculum
852 582 978 611 morden-

244 634 290 656 tes.
305 629 362 657 Imo
375 629 440 667 quid
455 640 521 667 opus
540 629 616 657 nobis
639 635 677 656 est
694 629 807 667 pictura,
822 639 883 656 eum
902 629 979 656 liceat

243 684 297 710 ρος,
313 675 358 712 qui
379 675 447 702 illud
462 681 621 713 perpetrant,
638 674 663 701 in
684 673 802 702 medium
826 673 978 702 adducere?

242 720 329 753 Quem
351 720 440 758 itaque
464 720 546 749 vultis
562 720 679 758 primum
693 719 900 747 describamus?
915 730 978 748 ava-

243 776 301 793 rum
323 773 347 793 et
376 766 529 804 raptorem?
554 765 657 802 Ecquid
671 771 708 792 est
723 764 806 792 oculis
820 764 873 793 illis
885 764 978 804 impu—

241 812 367 840 dontius?
382 812 447 849 quid
470 812 554 848 magis
578 811 798 847 inverecundum,
812 812 878 850 quid
894 813 978 851 magis

239 857 385 885 caninum?
405 867 456 885 non
482 858 551 884 enini
577 857 650 884 canis
674 856 710 884 ita
727 856 868 896 impudens
883 864 977 886 statut

239 901 292 937 hic,
307 901 412 938 quando
437 901 559 930 omnium
582 901 651 929 bona
666 901 745 940 rapit.
763 901 835 936 Quid
853 903 975 931 manibus

238 946 311 975 illius
321 947 522 975 detestabilius?
535 947 602 984 quid
615 957 660 975 ore
670 947 833 985 petulantius
847 948 914 985 ejus,
928 949 974 986 qui

237 992 325 1020 omnia
346 992 474 1029 devorat,
492 999 516 1020 et
540 1003 686 1030 numquam
710 992 840 1021 satiatur?
857 994 896 1021 Ne
918 995 974 1033 ejus

236 1037 342 1066 vultum
368 1045 392 1066 et
423 1038 512 1066 oculos
541 1037 678 1074 intuearis,
704 1037 775 1075 quod
805 1038 857 1066 sint
882 1038 972 1068 homi-

236 1082 359 1111 nistnon
386 1083 457 1111 enim
479 1083 517 1111 sic.
539 1083 670 1122 aspiciunt
684 1083 796 1111 humani
819 1083 898 1112 oculi.
915 1085 972 1112 Non

234 1128 328 1166 aspicit
343 1128 388 1156 illc
414 1128 532 1156 homines
548 1135 682 1166 tamquam
695 1128 887 1157 hominesznon
903 1130 972 1168 aspi-

235 1173 269 1201 cit
296 1173 390 1201 caelum
414 1180 550 1211 tamquam
566 1174 676 1202 caelum:
697 1173 730 1201 ad
746 1174 891 1202 Dominum
920 1185 971 1202 non

234 1225 300 1245 nutu
326 1229 373 1246 suo
398 1218 493 1255 tendit,
510 1218 555 1246 sed
570 1218 658 1246 omnia
672 1219 796 1257 pecunias
810 1230 864 1247 esse
884 1220 972 1248 existi-

234 1270 296 1291 mat.
310 1263 425 1291 Humani
437 1264 508 1292 oculi
520 1264 604 1292 solent
613 1264 724 1292 afflictos
739 1262 860 1292 homines
874 1264 970 1294 intueri

233 1317 256 1337 et
269 1310 373 1348 'frangi5
391 1310 528 1349 rapacium
552 1310 622 1339 oculi
636 1321 765 1349 pauperes
780 1311 881 1347 vident,
894 1319 919 1340 et
935 1312 971 1340 ef-

231 1356 350 1383 ferantur
362 1355 484 1383 :humani
499 1356 570 1384 oculi
588 1366 639 1384 non
654 1363 682 1384 ut
697 1367 743 1384 sua
759 1356 895 1385 intuentur
908 1357 970 1385 alie-

232 1411 274 1435 na,
289 1401 334 1429 sed
348 1402 456 1440 propria
478 1402 529 1430 sibi
554 1409 583 1430 ut
606 1401 690 1429 aliena
704 1401 846 1430 videntzet
858 1413 888 1431 ea
910 1414 969 1440 quae

231 1446 291 1474 aliis
311 1447 372 1474 data
395 1454 457 1475 sunt
479 1458 531 1476 non
557 1446 761 1486 concupiscunt,
777 1448 823 1476 sed
848 1448 928 1476 etiam
942 1449 968 1477 in

230 1492 296 1519 alios
312 1502 414 1530 quoque
435 1503 483 1520 sua
499 1492 647 1521 effundunt.
664 1493 696 1520 Hi
710 1503 773 1521 vero
788 1503 839 1521 non
854 1494 968 1522 contenti

230 1544 300 1573 sunt,
316 1537 365 1565 nisi
377 1538 496 1566 omnium
511 1538 580 1566 bona
594 1538 727 1575 abripiant
740 1549 805 1566 :non
827 1539 898 1567 enim
911 1539 966 1567 hu-

231 1593 353 1617 manum,
381 1583 426 1611 sed
456 1583 571 1611 ferinum
597 1583 694 1611 habent
728 1584 824 1612 visum.
851 1585 967 1614 Humani

229 1628 298 1656 oculi
324 1628 426 1657 nudum
452 1629 542 1657 videre
565 1639 661 1668 corpus
683 1639 761 1657 suum
787 1640 838 1657 non
860 1631 965 1668 ferunt;

230 1684 307 1702 suum
336 1674 406 1702 enim
432 1681 482 1710 est,
512 1674 616 1702 etiamsi
636 1674 750 1702 aliorum
781 1681 911 1712 quantum
933 1676 967 1704 ad

231 1730 368 1758 personam
388 1731 393 1746 :
411 1719 438 1747 hi
460 1730 538 1755 vero,
569 1719 619 1747 nisi
648 1719 736 1747 omnia
761 1719 923 1749 denudarint
944 1729 968 1750 et

232 1767 320 1793 omnia
335 1765 407 1794 domi
424 1766 578 1801 recondant,
596 1776 741 1803 numquam
754 1765 898 1804 satiantur,
913 1767 968 1796 imo

232 1822 296 1839 vero
321 1821 466 1848 numquam
488 1811 640 1850 implentur.
663 1810 725 1839 Ideo
757 1821 848 1840 eorum
875 1823 969 1840 manus

234 1867 284 1884 non
307 1857 421 1884 serarum
447 1867 541 1884 manus
565 1863 670 1884 tantum
690 1856 801 1892 dixeris,
823 1856 868 1885 sed
891 1858 969 1897 longe

235 1902 372 1930 ferociores
397 1909 422 1929 et
449 1901 626 1930 immaniores.
641 1901 704 1930 Ursi
728 1912 840 1940 namque
865 1909 890 1931 et
910 1903 969 1942 lupi

234 1958 293 1975 cum
319 1947 406 1975 satiati
433 1947 541 1983 suerint,
558 1958 572 1975 a
590 1947 636 1975 tali
650 1947 776 1976 alimento
790 1948 916 1977 recedunt
927 1950 967 1977 :hi

233 2003 296 2020 vero
311 2002 457 2029 numquam
477 1992 614 2020 satiantur.
637 1992 717 2030 Atqui
738 1999 875 2031 propterea
898 1995 970 2022 Deus

233 2048 327 2065 manus
341 2037 417 2066 nobis
431 2037 506 2065 dedit
525 2044 554 2065 ut
575 2037 635 2065 aliis
647 2048 723 2076 opem
735 2038 858 2074 feramus,
873 2049 924 2067 non
940 2047 969 2067 ut

234 2083 267 2111 iis
283 2083 451 2111 insidiemur.
468 2084 537 2111 Nam
561 2082 583 2111 si
606 2083 671 2121 ipsis
685 2083 721 2111 ad.
742 2083 793 2112 hoc
815 2084 888 2112 usuri
906 2095 970 2113 esse-

235 2140 305 2166 mus,
321 2129 417 2157 melius
430 2135 495 2157 esset
515 2128 575 2156 illas
598 2128 728 2163 exscindi,
746 2136 771 2157 et
785 2140 831 2158 nos
846 2129 900 2158 illis
914 2131 969 2169 pri-

234 2176 302 2203 vari.
319 2176 364 2203 Tu
382 2185 444 2203 vero
458 2175 478 2203 si
492 2185 568 2203 ovem
582 2175 635 2202 fera
648 2174 791 2213 discerpat,
802 2175 876 2204 doles
888 2187 896 2213 3
909 2187 969 2204 eum

233 2228 321 2249 autem
338 2219 366 2248 id
388 2220 414 2247 in
430 2230 599 2257 congenerem
622 2219 701 2255 facis,
717 2230 768 2248 non
783 2227 860 2259 putas
876 2228 901 2249 te
921 2221 968 2249 ali-

234 2266 299 2303 quid
314 2267 429 2294 immane
454 2265 559 2292 facere?
574 2271 599 2292 et
612 2265 745 2302 quomodo
767 2266 847 2294 fueris
869 2266 969 2294 homo?

233 2313 292 2340 Non
314 2311 388 2340 vides
411 2321 457 2338 nos
477 2310 621 2337 humanam
638 2321 695 2338 eam
718 2321 772 2338 rem
794 2310 892 2347 dicere,
908 2322 967 2349 quae
997 2332 1003 2339 1

233 2356 413 2385 misericordia
436 2356 514 2395 plena
547 2356 582 2383 sit
605 2362 630 2383 et
654 2356 813 2393 benignitate
822 2357 835 2384 P
860 2357 967 2394 quando

231 2409 319 2430 autem
333 2401 434 2439 aliquid
445 2410 544 2429 saevum
555 2407 580 2428 et
592 2399 697 2428 crudele
711 2401 815 2439 perficit
826 2402 966 2439 1101n0,in-

232 2448 378 2476 humanum
389 2447 464 2475 illum
482 2455 616 2476 vocamus.
625 2446 718 2483 ltaque
731 2446 907 2475 characterem
918 2447 967 2476 ho-

261 2558 272 2575 ’ἲ
293 2558 337 2587 ζᾹ4
354 2560 403 2581 ozi:

418 2561 505 2589 'fv-2¹:1⁴
522 2558 547 2580 B>
561 2559 613 2581 71ἧέ
627 2558 747 2589 fflvtyyzp]

656 206 713 228 JOA
720 207 735 228 a
743 207 794 228 MS
821 207 900 229 (zum
910 207 999 229 SOST.

1030 208 1049 229 Α
1055 198 1170 230 11(“,1111ἰ1’
1178 223 1183 229 .
1213 208 1274 229 CON
1281 208 1317 229 ST
1325 207 1338 228 -S
1345 207 1465 229 M‘ffiOt’
1472 222 1478 228 .

1034 268 1178 296 ἀνέπλαττε
1198 267 1345 305 ζωγράφος,
1361 268 1406 296 οὐκ
1420 268 1450 296 ἄν
1466 280 1509 305 μοι
1528 269 1596 297 δοκεῖ
1614 269 1738 308 ἁμαρτεῖν
1751 270 1797 298 οὕ-

1035 325 1084 344 τως
1107 313 1186 347 αὐτὴν
1209 312 1389 348 ἀναπλάττων,
1408 313 1518 351 γυναῖκά
1538 325 1596 342 τινα
1617 315 1798 354 θηριόμορφον,

1036 358 1177 396 βάρῧαρον,
1198 360 1249 395 πῦρ
1269 357 1408 393 πνέουσαν,
1429 359 1544 398 ἀτερπῆ,
1560 359 1693 397 μέλαιναν,
1708 359 1762 393 οἵας
1776 362 1800 388 οἱ

1035 405 1085 430 τῶν
1105 402 1195 435 ἔξωθεν
1210 402 1316 437 ποιηταὶ
1335 402 1380 434 τὰς
1402 402 1521 436 Σκύλλας
1536 404 1722 443 ὑπογράφουσι.
1736 406 1799 434 Μυ-

1036 449 1101 485 ρίαις
1113 447 1163 485 γὰρ
1184 447 1272 486 χερσὶν
1290 448 1558 486 ἐπιλαμέοίνεταιτῶν
1575 450 1709 490 ἡμετέρων
1723 452 1798 489 λογι-

1034 495 1117 530 σμῶν,
1143 493 1188 521 καὶ
1206 492 1339 527 ἀδοκήτως
1363 495 1559 533 ἐπεισέρχεται,
1578 496 1622 524 καὶ
1644 496 1729 525 πάντα
1745 497 1800 525 δια·

1033 538 1191 577 σπαράττει,
1200 538 1318 578 καθάπερ
1326 540 1349 567 οἱ
1361 539 1433 572 κύνες
1442 542 1464 568 οἱ
1475 540 1558 579 λάθρα
1569 541 1711 574 δάκνοντες.
1722 543 1798 570 Μᾶλ-

1031 586 1075 612 λον
1091 583 1117 613 δὲ
1130 583 1156 612 τί
1178 585 1216 612 δεῖ
1236 584 1385 623 ζωγραφίας
1405 587 1479 623 ἡμῖν,
1500 585 1556 615 δέον
1572 586 1630 619 τοὺς
1644 588 1702 615 κατ’
1716 586 1797 622 αὐτὴν

1031 629 1221 667 πεποιημένους
1238 631 1274 661 εἷς
1298 630 1375 666 μέσον
1394 632 1512 668 ἀγαγεῖν,
1529 631 1598 660 Τίνα
1617 626 1660 659 οἶν
1676 631 1796 669 βούλεσθε

1031 674 1154 714 πρότερον
1173 675 1370 714 ὑπογράψομεν;
1385 675 1428 704 τὸν
1443 677 1599 711 πλεονέκτην
1614 677 1659 705 καὶ
1674 677 1796 716 ἅρπαγας

1030 721 1082 749 Καὶ
1094 721 1119 748 τί
1134 722 1184 748 τῶν
1208 721 1346 759 ὀφθαλμῶν
1371 721 1475 749 ἐκείνων
1499 721 1748 761 ἀναισχυντότερον,
1771 722 1797 751 τί

1031 765 1221 804 ἀναιδέστερον,
1242 766 1286 794 καὶ
1307 765 1496 805 κυνικώτερον,
1517 769 1546 795 οὐ
1566 767 1616 806 γὰρ
1639 767 1707 796 οὕτω
1727 767 1796 796 κύων

1029 811 1137 846 ἕστηκεν
1162 810 1374 849 ἀναιὸευόμενος,
1390 814 1424 844 ὡς
1438 807 1524 846 οἶτος,
1550 811 1609 840 ὅταν
1635 813 1668 841 τὰ
1689 813 1795 841 πάντων

1028 857 1141 896 ἁρπάζῃ,
1161 856 1196 885 Τί
1211 859 1262 885 τῶν
1280 858 1375 895 χειρῶν
1392 857 1553 896 μιαρώτερον
1568 857 1687 894 ἐκείνων,
1705 859 1731 887 τί
1750 862 1796 887 τοῦ

1028 902 1156 939 στόματος
1176 902 1336 941 ἰταμώτερον
1358 905 1402 931 τοῦ
1424 902 1510 930 πάντα
1533 903 1734 940 καταπίνοντος,
1751 904 1796 932 καὶ

1027 948 1054 975 οὗ
1071 947 1272 985 κορεννυμένου;
1289 947 1333 981 Μὴ
1349 947 1399 985 γὰρ
1415 948 1449 979 εἷς
1468 947 1496 975 τὸ
1520 947 1658 986 πρόσωπον
1675 948 1719 976 καὶ
1736 948 1809 980 τοὺς·

1001 1004 1004 1009 ·
1026 992 1172 1031 ὀφθαλμοὺς
1196 992 1269 1030 ἴδῃς,
1284 992 1323 1021 ὅτι
1347 992 1482 1031 ἀνθρώπου
1495 1004 1501 1010 ·
1518 994 1545 1021 οὐ
1559 992 1610 1032 γὰρ
1633 993 1667 1022 τὰ
1687 998 1794 1024 τοιαῦτα

1027 1038 1172 1076 βλέπουσιν-
1188 1040 1211 1065 οἱ
1237 1038 1395 1076 ἀνθρώπινοι
1415 1038 1552 1076 ὀφθαλμοί.
1570 1039 1610 1067 Οὐ
1627 1039 1718 1076 βλέπει
1735 1039 1794 1072 τοὺς

1026 1082 1175 1122 ἀνθρώπους
1189 1082 1339 1122 ἀνθρώπους
1350 1105 1357 1118 ,
1379 1084 1407 1110 οὗ
1425 1082 1516 1120 βλέπει
1532 1083 1575 1111 τὸν
1591 1083 1698 1122 οὐρανὸν
1713 1085 1793 1124 οὖρα-

1025 1128 1076 1163 νὸν,
1097 1128 1154 1156 οὐδὲ
1176 1127 1294 1156 ἀνανεύει
1314 1127 1377 1166 πρὸς
1393 1128 1436 1156 τὸν
1452 1128 1600 1166 Δεσπότην,
1619 1129 1687 1158 ἀλλὰ
1705 1130 1793 1159 πάντα

1024 1173 1150 1212 χρήματα
1167 1169 1232 1202 εἶναι
1249 1173 1358 1211 νομίζει.
1380 1175 1415 1202 Οἱ
1435 1173 1577 1212 ἀνθρώπων
1601 1175 1729 1214 ὀφθαλμοὶ
1745 1175 1793 1204 πέ-

1023 1230 1102 1253 νητας
1117 1218 1236 1247 εἰώθασιν
1253 1221 1314 1257 ὁρᾷν
1334 1218 1612 1257 καταπεπονημένους,
1627 1219 1670 1248 καὶ
1684 1222 1792 1249 ἐπικλᾶ-

1024 1268 1100 1293 σθαι·
1118 1261 1206 1293 ᾱοῧτοι
1220 1265 1246 1292 δὲ
1260 1268 1305 1293 τοῦ
1322 1265 1438 1304 ἅρπαγος
1454 1266 1534 1303 ὁρῶσι
1550 1265 1678 1302 πένητας,
1693 1266 1738 1295 καὶ
1750 1268 1792 1296 ε’κ·

1025 1313 1187 1348 θηριοῧνται·
1206 1312 1228 1338 οἳ
1247 1310 1389 1348 ἀνθρώπων
1408 1310 1537 1349 ὀφθαλμοὶ
1556 1312 1606 1350 οὐχ
1627 1313 1661 1343 ὡς
1681 1311 1735 1340 ἴδια
1757 1312 1791 1341 τὰ

990 1369 1008 1390 Λ
1023 1355 1146 1394 ἀλλότρια
1163 1355 1310 1393 βλέπουσιν,
1327 1355 1394 1383 ἀλλὰ
1410 1355 1454 1384 καὶ
1471 1355 1503 1384 τὰ
1522 1355 1575 1384 ἴδια
1596 1358 1631 1390 ὡς
1647 1356 1789 1396 ἀλλότρια,

1023 1401 1067 1429 καὶ
1082 1402 1128 1429 οὐκ
1141 1401 1254 1439 ἐφίενται
1267 1403 1318 1429 τῶν
1331 1401 1427 1439 ἑτέροις
1442 1401 1595 1439 δεδομένων,
1613 1402 1681 1431 ἀλλὰ
1695 1402 1740 1432 καὶ
1754 1404 1790 1435 εἰς

1022 1446 1122 1484 ἑτέρους
1146 1450 1246 1474 κενοῧσι
1262 1447 1294 1474 τὰ
1310 1448 1425 1474 ἑαυτῶν·
1443 1442 1513 1474 οὗτοι
1530 1447 1556 1475 δὲ
1574 1448 1620 1476 οὐκ
1635 1447 1789 1486 ἀνέχονται,

1023 1494 1044 1519 εἶ
1067 1491 1102 1528 μὴ
1116 1491 1149 1520 τὰ
1164 1491 1269 1520 πάντων
1284 1491 1389 1520 λάὸοιεν
1400 1503 1405 1508 ·
1422 1493 1449 1520 οὗ
1470 1491 1522 1531 γὰρ
1535 1491 1705 1531 ἀνθρώπινον,
1721 1494 1788 1522 ἀλλὰ

1023 1537 1146 1574 θηριῶδες
1169 1536 1270 1575 ἔχουσιν
1293 1537 1378 1574 ὄμμα.
1399 1538 1434 1565 Οἱ
1451 1537 1592 1575 ἀνθρώπων
1607 1538 1735 1576 ὀφθαλμοὶ
1745 1551 1788 1577 γυ-

1023 1582 1085 1619 μνὸν
1100 1582 1160 1610 ἰδεῖν
1179 1583 1209 1611 τὸ
1221 1585 1297 1620 σῶμα
1310 1582 1339 1610 τὸ
1355 1584 1452 1611 ἑαυτῶν
1469 1584 1515 1611 οὐκ
1534 1582 1685 1622 ἀνέχονται·
1702 1584 1787 1612 αὐτῶν

1021 1627 1072 1665 γάρ
1088 1628 1160 1661 ε’στι,
1176 1627 1224 1656 κᾶν
1243 1627 1336 1665 ἑτέρων
1350 1623 1366 1665 ἦ
1381 1627 1450 1655 κατὰ
1472 1627 1611 1666 πρόσωπον
1622 1639 1627 1644 ·
1640 1623 1710 1657 οὗτοι
1724 1628 1751 1656 δὲ
1766 1630 1789 1657 εἷ

1023 1672 1058 1709 μὴ
1072 1672 1157 1700 πάντα
1168 1671 1342 1711 γυμνώσαιεν,
1358 1672 1403 1700 καὶ
1414 1672 1447 1700 τὰ
1459 1672 1562 1701 πάντων
1578 1672 1643 1701 οἴκοι
1655 1673 1787 1702 κατάθων-

1021 1729 1082 1752 ται,
1093 1717 1214 1746 οὐδέποτε
1225 1718 1300 1756 κόρον
1316 1717 1479 1755 λαμὸάνουσι
1490 1740 1497 1753 ,
1513 1719 1611 1756 μᾶλλον
1625 1717 1652 1746 δὲ
1667 1718 1788 1747 οὐδέποτε

1022 1763 1215 1799 ἔμπιπλῶνται.
1228 1763 1326 1801 Διόπερ
1340 1762 1396 1791 οὐδὲ
1409 1762 1504 1800 θηρίων
1517 1761 1563 1795 τὰς
1574 1766 1664 1801 χεῖρας
1676 1763 1722 1796 τὰς
1731 1764 1787 1792 τού-

1022 1819 1072 1835 των
1085 1808 1115 1836 ἄν
1127 1819 1165 1840 τις
1175 1803 1241 1836 εἶναι
1249 1807 1313 1846 φαίη
1330 1807 1415 1845 μόνον,
1424 1807 1491 1836 ἀλλὰ
1503 1806 1651 1836 καὶτούτων
1661 1808 1787 1846 ἀγριωτέ-

1024 1864 1068 1891 ρας
1076 1854 1166 1892 πολλῷ
1174 1852 1218 1881 καὶ
1227 1852 1451 1891 χαλεπιιιτέρας.Ἄ
1456 1864 1527 1891 ρκτοι
1539 1851 1585 1889 μὲν
1592 1852 1642 1891 γὰρ
1649 1852 1694 1880 καὶ
1702 1852 1786 1888 λύκοι,

1023 1898 1126 1927 ἐπειδὰν
1135 1898 1236 1927 λάὲωσι
1246 1897 1382 1936 κόρον,τῆς
1390 1898 1510 1933 τοιαύτης
1518 1900 1613 1936 τροφῆς
1622 1898 1786 1937 ἀφίστανται·

1023 1939 1093 1972 οὗτοι
1104 1943 1130 1972 δὲ
1140 1943 1214 1983 κόρον
1224 1945 1270 1971 οὐκ
1277 1943 1374 1981 ἔχουσι.
1386 1943 1478 1975 Καίτοι
1487 1943 1530 1971 διὰ
1540 1946 1614 1971 τοῦτο
1625 1947 1714 1983 χεῖρας
1723 1946 1787 1981 ἡμῖν

1024 1989 1142 2022 ἐποίησεν
1158 1991 1170 2017 ὃ
1184 1988 1251 2020 Θεὸς
1261 2011 1267 2023 ,
1281 1989 1323 2016 ἵνα
1338 1987 1434 2027 ἑτέροις
1450 1990 1596 2026 βοηθῶμεν,
1608 1990 1657 2026 οὐχ
1673 1986 1715 2015 ἵνα
1727 1989 1786 2016 ε’πι-

1023 2034 1198 2071 ὅουλεύωμεν.
1211 2034 1243 2061 Εἰ
1258 2033 1284 2061 δὲ
1298 2033 1438 2071 μέλλοιμεν
1452 2035 1542 2065 αὐταῖς
1553 2035 1588 2064 εἷς
1599 2036 1674 2061 τοῦτο
1685 2035 1785 2071 κεχρῆ-

1023 2082 1097 2115 σθαι,
1119 2079 1218 2116 βέλτιον
1235 2078 1313 2110 αὐτὰς
1332 2079 1514 2114 ἀποκοπῆναι,
1529 2078 1573 2106 καὶ
1591 2078 1672 2117 χωρὶς
1689 2078 1785 2107 τούτων

1023 2121 1096 2153 εἶναι.
1119 2123 1156 2152 Σὺ
1172 2123 1198 2152 δὲ
1213 2123 1242 2151 ἂν
1257 2123 1303 2160 μὲν
1318 2123 1449 2161 πρόέατον
1466 2123 1604 2162 σπαράττῃ
1621 2123 1719 2161 θηρίον,
1737 2124 1784 2151 ἀλ-

1023 2176 1090 2209 γεῖς·
1113 2171 1149 2201 εἷς
1171 2169 1246 2197 αὐτὸν
1263 2168 1288 2197 δὲ
1306 2168 1349 2197 τὸν
1366 2168 1494 2207 ὁμόφυλον
1509 2172 1584 2210 τοῦτο
1599 2168 1768 2207 ἐργαζόμενος
1779 2191 1786 2204 ,

1023 2217 1050 2244 οὐ
1062 2214 1173 2252 νομίζεις
1183 2226 1206 2242 τι
1216 2218 1298 2242 ποιεῖν
1309 2213 1390 2242 δεινόν
1399 2225 1406 2248 ;
1417 2213 1526 2245 καὶπῶς
1536 2213 1566 2241 ἂν
1578 2213 1632 2249 εἴης
1640 2213 1787 2253 ἅνθρωπος;

1023 2263 1083 2299 Οὐχ
1094 2262 1156 2299 ὁρᾷς
1168 2259 1208 2287 ὅτι
1219 2258 1379 2297 ἀνθρώπινον
1391 2263 1502 2298 πρᾶγμα
1517 2259 1658 2296 καλοῦμεν,
1671 2259 1701 2287 τὸ
1714 2259 1785 2288 ἐλέου

1022 2306 1101 2344 γέμον
1120 2305 1164 2333 καὶ
1179 2304 1374 2343 φιλανθρωπίας
1387 2317 1393 2339 ;
1410 2304 1471 2332 ὅταν
1486 2304 1512 2332 δὲ
1529 2304 1600 2342 ὠμόν
1616 2315 1640 2332 τι
1656 2304 1700 2332 καὶ
1714 2306 1785 2340 ἀπη-

1021 2352 1061 2384 νὲς
1073 2351 1231 2390 ἐργάσηται,
1248 2349 1420 2388 ἀπάνθρωπον
1431 2349 1474 2377 τὸν
1487 2352 1601 2378 τοιοῦτον
1615 2348 1785 2387 ὀνομάζομεν.

1021 2399 1121 2426 Οὐκοῦν
1137 2396 1179 2424 τὸν
1190 2397 1346 2434 χαρακτῆρα
1360 2397 1405 2423 τοῦ
1419 2393 1554 2433 ἀνθρώπου
1569 2393 1621 2422 ἀπὸ
1634 2397 1679 2422 τοῦ
1693 2395 1785 2429 ἐλεεῖν,

1020 2451 1063 2476 τοῦ
1077 2447 1102 2475 δὲ
1118 2446 1206 2485 θηρίου
1226 2445 1276 2474 ἀπὸ
1291 2448 1335 2474 τοῦ
1347 2444 1461 2473 ἐναντίου
1483 2443 1676 2483 ὑπογράφομεν,
1693 2444 1782 2483 λέγον-
