1891 2866
95 2432 171 2453 'I1:11.'1.
189 2439 222 2454 22.

90 2473 126 2492 «Ἴ.

238 178 302 224 174

229 263 297 292 opus
311 259 348 280 cst
362 251 439 280 milii.
456 251 483 282 Si
497 251 567 280 enim
580 251 652 281 illius
664 252 751 281 omnia
765 253 866 281 curiose
888 262 960 281 scru-

230 299 279 326 tari
289 298 365 334 velis,
379 297 444 335 quid
455 297 516 337 plus
528 297 635 326 habebit
645 298 718 326 Deus
730 308 810 336 quam
822 297 961 326 homines?

230 355 390 383 quamquam
411 355 457 373 nec
471 344 504 373 de
516 344 607 373 multis
621 344 727 383 quidem
750 344 902 372 homiuibus
916 354 961 371 cu-

229 392 297 419 riose
308 390 495 431 perquirimus.
511 391 591 426 Quod
607 391 628 419 si
643 391 669 419 iu
689 391 842 419 homiuibus
856 390 905 418 hoc
923 390 961 416 sa-

229 438 324 473 cimus,
342 448 389 466 nec
405 437 507 465 curiose
522 436 696 475 inquirimus;
712 436 796 464 multo
811 436 898 464 miuus
912 433 960 462 Dei

229 483 383 522 sapientiam
409 482 519 511 scrutari
543 489 659 521 oportet,
672 482 715 510 vel
741 482 852 509 rationes
866 480 900 508 ab
915 479 960 507 illa

228 536 358 568 expetere.
375 529 464 557 Primo
478 528 594 567 quidem,
619 527 680 565 quia
703 526 755 555 fide
768 526 866 563 dignus
887 531 925 553 est
938 524 961 552 is

577 188 606 211 S.
634 188 689 211 JOA
696 189 713 210 Ν
721 189 770 212 NIS
797 188 974 211 CHRYSOST.

229 575 276 613 qui
302 575 503 614 pronuntiarit,
521 574 653 608 secundo,
681 573 742 610 quia
768 583 808 600 res
833 571 894 610 ipsae
919 581 959 598 ra-

229 621 397 650 tiociniorum
418 622 652 660 perscrutationem
671 630 721 647 uon
737 617 889 646 admittunt.
902 617 959 645 Non

228 667 298 696 cuim
321 668 385 696 adeo
407 677 503 704 egenus
523 673 561 695 est
584 667 665 700 Deus,
689 672 717 692 ut
738 675 767 692 ea
788 664 873 692 solum
893 674 958 702 ope-

228 721 317 750 retur,
341 725 398 752 qum
424 712 623 741 ratiociniorum
648 718 753 739 tuorum
778 709 960 738 imbecillitate

228 769 337 800 possunt
359 760 554 800 comprehendi.
572 760 601 787 Si
624 759 695 787 enim
726 757 793 786 fabri
821 767 888 796 opus
907 767 959 785 non

227 807 439 846 comprehendis,
459 806 544 834 multo
567 805 655 833 minus
676 804 726 832 Dei
752 802 959 843 praestantissimi

227 854 346 882 artificis.
372 854 412 882 Ne
442 853 520 881 fidem
545 862 607 890 ergo
634 850 733 890 negetis
758 849 957 879 resurrectioni:

226 911 286 928 nain
305 911 319 927 a
336 910 382 939 spe
407 899 557 927 futurorum
578 898 656 936 longe
676 896 793 925 aberitis.
811 896 863 926 Sed
885 907 959 934 quae-

227 955 286 972 nam
309 951 347 972 cst
371 943 499 983 sapientia
521 942 773 977 contradicentium,
789 941 842 969 imo
867 941 959 979 ingens

1006 188 1023 208 Α
1030 187 1158 209 nenti-:tn
1188 186 1438 208 CONSTANHNOP
1445 201 1452 208 .

1017 264 1060 289 μοι
1083 252 1127 280 δεῖ.
1152 252 1184 280 Εἰ
1205 251 1256 290 γὰρ
1277 251 1379 288 μέλλοις
1400 250 1612 290 περιεργάζεσθαι
1634 251 1718 280 πάντα
1741 252 1774 281 τὰ

1016 297 1122 332 ἐκείνου,
1133 297 1157 325 τί
1169 297 1246 325 πλέον
1257 296 1307 330 ἔξει
1317 299 1368 325 τῶν
1379 296 1521 336 ἀνθρώπων
1534 300 1547 325 6
1557 297 1638 333 (-)εός;
1650 297 1734 326 καίτοι
1745 309 1775 336 γε

1015 342 1059 371 καὶ
1079 341 1227 381 ἀνθρώπους
1251 342 1361 375 πολλοὺς
1382 344 1410 371 οὐ
1426 343 1657 382 περιεργαζόμεθα.
1677 343 1732 372 ιιΕἷ
1747 342 1775 372 δὲ

1015 389 1056 416 ἐπ’
1076 387 1218 426 ἀνθρώπων
1229 391 1313 435 :roffi-ro
1335 391 1472 425 ποιοῦμεν,
1488 389 1532 417 καὶ
1555 391 1583 417 οὗ
1603 389 1775 428 περιεργαζό-

1016 436 1082 471 μεθα
1091 456 1098 469 ,
1112 435 1202 472 πολλῷ
1216 437 1258 461 οὐν
1275 435 1372 471 μᾶλλον
1386 434 1433 470 τὴν
1446 438 1490 464 τοῦ
1505 436 1573 464 Θεοῦ
1587 434 1678 474 σοφίαν
1694 435 1775 463 πολυ-

1015 484 1173 519 πραγμονεῖν
1187 482 1215 509 οὐ
1229 480 1281 519 χρὴ
1298 480 1354 509 οὐδὲ
1370 480 1508 519 λογισμοὺς
1523 482 1641 510 ἀπαιτεῖν
1651 492 1657 498 ·
1670 482 1776 520 πρῶτον

1016 527 1077 564 μὲν,
1091 528 1130 555 ὅτι
1142 526 1288 559 ἀξιόπιστος
1302 529 1314 555 ὁ
1327 526 1539 566 ἀποφαινόμενος,
1552 526 1666 565 δεύτερον
1680 525 1706 555 δὲ
1716 548 1723 561 ,
1735 526 1775 555 ὅτι

1015 574 1042 601 οὐ
1059 572 1163 611 δέχεται
1176 573 1308 610 λογισμῶν
1322 571 1425 611 ἔρευναν
1448 572 1480 601 τὰ
1494 572 1648 611 πράγματα.
1666 573 1706 601 Οὐ
1724 571 1775 611 γὰρ

1015 618 1082 647 οὕτω
1097 618 1200 657 πτωχὸς
1214 621 1228 647 6
1248 618 1330 654 Θεὸς,
1345 621 1379 650 ὡς
1393 622 1500 647 τοιαῦτα
1521 618 1673 657 ἐργάζεσθαι
1692 617 1758 656 μόνα
1768 638 1776 652 ,

1015 664 1031 692 ἃ
1045 667 1076 704 τῇ
1091 667 1143 693 τῶν
1158 666 1290 702 λογισμῶν
1312 663 1431 703 ἀσθενείᾳ
1452 665 1644 703 περιληφθῆναι
1667 663 1775 693 δύναται

1014 712 1066 739 τῶν
1081 713 1143 738 σῶν.
1161 711 1193 739 Εἰ
1209 710 1258 748 γὰρ
1273 709 1390 742 τέκτονος
1410 710 1482 748 ἔργον
1506 711 1534 738 οὐ
1552 709 1774 748 καταλαμὸάνεις,

1014 757 1103 795 πολλῷ
1118 757 1214 794 μᾶλλον
1230 758 1274 784 τοῦ
1289 755 1471 795 ἀριστοτέχνου
1483 757 1561 785 Θεοῦ.
1576 755 1622 790 Μὴ
1643 756 1775 785 ἀπιστεῖτε

1014 802 1098 831 τοίνυν
1110 805 1141 841 τῇ
1154 802 1294 830 ἀναστάσει
1307 814 1313 819 ·
1329 802 1384 830 ἐπεὶ
1395 803 1484 840 πολλῷ
1498 801 1600 841 μακρὰν
1615 804 1662 837 τῆς
1674 801 1777 834 ἐλπίδος

1015 848 1102 877 ἔσεσθε
1117 851 1163 883 τῆς
1178 847 1331 885 μελλούσης.
1346 847 1424 876 Ἀλλὰ
1438 847 1464 875 τί
1479 847 1508 876 τὸ
1522 847 1598 886 σοφὸν
1612 849 1664 876 τῶν
1676 848 1776 876 ἀντιλε-

1014 894 1110 933 γόντων
1120 917 1127 931 ,
1152 895 1250 932 μᾶλλον
1271 893 1297 923 δὲ
1319 894 1348 923 τὸ
1371 893 1470 933 σφόδρα
1492 893 1613 929 ἀνόητον;
1635 894 1688 922 Καὶ
1711 895 1776 929 πῶς,

1014 941 1075 970 ὅταν
1090 943 1224 979 ἀναμιχθῇ
1240 940 1269 968 τὸ
1284 942 1361 978 σῶμα
1375 941 1408 977 τῇ
1424 942 1458 978 γῇ
1479 939 1524 968 καὶ
1547 939 1653 977 γένηται
1666 941 1716 979 γῆ,
1730 939 1777 969 καὶ

969 973 1004 992 1-ἰ9
1034 986 1046 997 ,Ι

227 991 361 1019 stultitia?
381 990 415 1018 Et
443 989 587 1027 quomodo,
614 988 750 1027 inquiunt,
774 986 879 1026 quando
902 997 959 1015 cor·
978 1002 997 1023 A
1016 999 1080 1021 αυτη
1097 987 1175 1014 πάλιν
1195 986 1288 1026 ἑτέρως
1309 988 1448 1024 μετενεχθῇ
1461 1008 1468 1020 ,
1484 986 1674 1021 ἀναστήσεται,
1694 986 1776 1025 φησί;

227 1048 276 1076 pus
296 1045 370 1065 terrae
395 1036 568 1065 commixtum
591 1042 630 1064 est
650 1041 676 1063 et
698 1035 797 1063 sactum
820 1040 858 1062 est
881 1040 958 1069 terra,

227 1090 251 1111 et
261 1083 317 1111 haec
328 1093 433 1111 rursum
445 1082 498 1110 alio
508 1081 634 1109 translata
648 1080 862 1117 suerit,resurget
872 1086 958 1107 tamen

227 1128 314 1157 iliud?
327 1128 383 1156 Hoc
393 1128 442 1156 tihi
452 1127 567 1155 dubium
576 1126 757 1162 videturesse,
769 1125 815 1153 sed
827 1135 878 1153 non
890 1125 959 1152 inso-

228 1174 282 1202 mni
294 1174 335 1203 illi
348 1174 438 1203 oculo:
450 1173 501 1211 ipsi
515 1172 585 1201 enim
593 1172 730 1200 manifesta
744 1171 832 1200 omnia
846 1177 916 1199 sunt.
925 1170 960 1199 Et

227 1227 256 1248 tu
270 1220 377 1258 quidem
393 1230 445 1248 non
459 1218 534 1247 vides
545 1218 704 1247 divisionem
713 1228 771 1255 qum
782 1223 819 1245 est
831 1217 857 1244 in
869 1216 959 1244 confu-

227 1267 316 1303 sione3
339 1267 385 1295 ille
402 1277 465 1295 vero
482 1265 570 1294 omnia
585 1265 658 1294 novit
675 1276 681 1292 ε
700 1262 917 1302 quandoquidem
930 1269 959 1291 tu

228 1313 333 1352 ignoras
350 1313 396 1341 illa
415 1323 473 1351 qua:
489 1313 515 1341 in
533 1311 611 1341 corde
626 1310 743 1351 proximi
754 1316 828 1345 sunt3
843 1310 888 1338 ille
897 1320 960 1339 vero

228 1359 316 1388 omnia
336 1359 421 1388 norit.
437 1359 466 1387 Si
481 1369 551 1397 ergo,
570 1357 632 1396 quia
653 1356 759 1395 ignoras
772 1355 904 1394 quomodo
920 1366 961 1384 re-

228 1405 335 1434 suscitet
345 1406 426 1441 Deus,
437 1415 489 1433 non
501 1403 586 1433 credis
599 1402 672 1441 quod
685 1401 829 1438 resuscitet,
842 1412 893 1429 non
905 1411 960 1429 ere-

228 1451 274 1480 des
285 1452 373 1487 etiam,
384 1450 456 1489 quod
468 1461 497 1479 ea
507 1461 566 1489 quae
580 1449 606 1477 in
619 1455 704 1477 mente
716 1454 777 1476 sunt
788 1454 891 1476 noscat:
902 1458 962 1476 nam

229 1509 311 1537 neque
323 1498 368 1526 illa
379 1503 517 1537 apparent.
531 1495 612 1534 Atqui
623 1495 649 1523 in
662 1505 770 1534 corpore
785 1493 894 1522 materia
904 1494 964 1531 qui-

229 1545 289 1573 dem
302 1551 339 1572 est
353 1543 479 1577 visibilis,
495 1542 542 1571 etsi
557 1541 734 1574 dissolvatur3
748 1540 800 1568 illae
815 1550 878 1567 vero
890 1539 963 1577 cogi-

229 1591 341 1619 tationes
356 1589 504 1619 invisibiles
518 1595 589 1617 sunt.
603 1588 657 1623 Qui
669 1597 731 1625 ergo
743 1586 888 1615 invisibilia
903 1596 963 1614 cum

230 1638 302 1666 amni
317 1636 482 1666 accuratione
491 1634 575 1671 novit,
590 1633 710 1663 visibilia
729 1643 781 1661 non
791 1631 904 1667 videbit,
917 1643 964 1660 nec

230 1684 307 1713 facile
329 1693 424 1722 corpus
437 1681 558 1711 dividet?
573 1680 622 1709 Est
635 1680 720 1709 cuivis
734 1678 913 1719 perspicuum.
926 1680 965 1708 Ne

231 1731 313 1769 igitur
323 1728 505 1758 resurrectioni
520 1726 601 1755 sidem
611 1736 688 1765 neges
696 1738 701 1753 :
709 1732 746 1755 est
757 1725 855 1764 quippe
867 1724 964 1763 dogma

231 1776 402 1805 diabolicum.
415 1775 472 1803 Hoc
486 1773 610 1802 diabolus
623 1779 708 1806 curat,
720 1782 770 1800 non
785 1771 864 1799 modo
880 1778 909 1799 ut
925 1781 965 1799 re-

231 1822 386 1851 surrectioni
406 1830 457 1849 non
472 1819 606 1854 credatur,
621 1818 667 1846 sed
681 1824 706 1846 et
719 1823 749 1845 ut
766 1816 874 1845 virtutis
886 1826 964 1856 opera

231 1870 410 1898 dissolvantur
430 1874 455 1896 et
470 1873 586 1907 pereant.
603 1866 688 1894 Homo
708 1865 778 1893 enim
791 1864 837 1903 qui
852 1874 904 1892 non
918 1874 964 1892 ex-

232 1922 332 1955 spectat
344 1925 371 1943 se
383 1920 603 1949 resurrecturum,
613 1919 638 1940 et
649 1921 759 1951 operum
770 1921 879 1939 suorum
888 1909 965 1938 ratio-

232 1972 292 1990 nem
318 1960 497 1996 redditurum,
520 1969 572 1987 non
588 1958 639 1986 cito
655 1957 780 1987 virtutem
793 1956 893 1991 adibit3
911 1955 966 1984 vir⁴

233 2007 283 2036 tuti
309 2017 373 2035 vero
390 2017 441 2035 non
455 2005 521 2034 dans
537 2015 653 2044 operam,
668 2013 761 2032 rursus
774 2013 826 2031 non
841 2001 929 2030 credet
940 2012 967 2030 se

233 2059 440 2081 resurrecturum
452 2063 457 2078 2
470 2051 548 2079 ambo
561 2050 631 2078 enim
641 2049 755 2077 alterum
766 2047 800 2076 ab
814 2047 894 2076 altero
905 2057 965 2086 pro-

232 2099 338 2134 bantur,
350 2097 465 2135 nequitia
479 2097 513 2125 al)
527 2095 721 2130 incredulitate,
735 2101 760 2122 et
770 2093 940 2122 incredulitas
951 2104 967 2122 a

233 2143 357 2183 nequitia.
371 2142 535 2171 Conscientia
547 2142 617 2170 enim
631 2140 723 2169 multis
737 2141 814 2180 plena
829 2140 916 2177 malis,
930 2139 966 2167 ti-

235 2201 308 2219 mens
320 2200 351 2218 ac
364 2196 476 2218 tremens
492 2189 610 2216 futuram
622 2187 758 2222 ultionem,
768 2186 829 2224 quia
845 2196 896 2214 non
911 2185 968 2214 vult

237 2248 251 2265 a
264 2236 409 2265 mutatione
419 2235 454 2264 ad
468 2234 577 2263 meliora
593 2233 797 2262 consolationem
809 2231 921 2269 assequi,
935 2231 969 2259 al)

237 2281 420 2311 incredulitate
434 2280 493 2310 vult
517 2279 631 2318 quietem
647 2277 768 2317 adipisci.
785 2278 825 2305 Te
839 2276 909 2305 enim
924 2287 969 2305 nec

236 2328 453 2357 resurrectionem
465 2326 568 2355 dicente
583 2335 630 2353 nec
644 2324 788 2363 judicium,
801 2323 846 2351 ille
865 2333 970 2360 quoque

235 2375 316 2403 dicct:
324 2375 395 2413 Ergo
405 2383 489 2412 neque
499 2382 547 2411 ego
558 2371 686 2400 scelerum
695 2369 824 2398 rationem
832 2367 969 2397 dabo.Sed

236 2422 304 2460 quid
313 2421 379 2450 dicit
391 2420 512 2449 Christus
523 2430 529 2446 ε
539 2419 666 2452 Erratis,
679 2418 834 2445 nescientes
843 2415 968 2453 Scriptu-

270 2512 280 2527 t,
300 2510 345 2533 Hic
364 2507 475 2541 quaedam
489 2507 578 2530 omissa
591 2508 618 2531 δι’
634 2507 800 2537 &parariis-*arou
816 2511 845 2526 ex
864 2503 923 2535 fleg,
935 2504 983 2526 (Io-

236 2549 267 2573 di.
278 2559 289 2571 ι’
304 2550 337 2579 [vt
353 2547 392 2580 A]
404 2548 575 2571 restituuntur.

273 2599 277 2605 ·
298 2586 363 2611 tidini
380 2597 471 2618 rapx,
491 2585 549 2617 neg.
564 2584 599 2615 [μὶ
612 2583 653 2614 A]
666 2588 763 2616 ἀπειρη»
782 2582 893 2614 Utraque
910 2580 984 2605 lectio

1015 1032 1062 1062 Σοὶ
1075 1035 1150 1061 τοῦτο
1160 1032 1273 1071 ε’ᾶίπορον
1286 1027 1351 1060 εἶναι
1366 1032 1448 1067 δοκεῖ,
1462 1033 1519 1060 ἀλλ’
1540 1032 1568 1060 οὐ
1590 1033 1627 1069 τῷ
1640 1031 1777 1070 ἀκοιμήτῳ

1015 1080 1140 1118 ὀφθαλμῷ
1151 1090 1156 1095 ·
1173 1078 1262 1117 ἐκείνῳ
1275 1078 1327 1117 γὰρ
1343 1078 1445 1106 ἅπαντα
1462 1078 1539 1111 δῆλα.
1557 1077 1608 1106 Καὶ
1623 1076 1654 1106 σὺ
1669 1077 1716 1115 μὲν
1730 1078 1778 1117 οὐχ

1015 1127 1075 1164 ὁρᾷς
1089 1125 1135 1160 τὴν
1148 1126 1173 1153 ἐν
1188 1127 1219 1162 τῇ
1236 1123 1361 1163 συγχύσει
1375 1124 1515 1163 διαίρεσιν,
1536 1124 1631 1155 ἐκεῖνος
1645 1123 1672 1152 δὲ
1691 1123 1777 1152 πάντα

1015 1167 1080 1200 οἶδεν
1094 1182 1099 1188 ·
1115 1170 1171 1199 ἐπεὶ
1184 1170 1228 1199 καὶ
1242 1169 1275 1198 τὰ
1290 1171 1315 1198 ἐν
1329 1171 1362 1207 τῇ
1377 1169 1473 1209 καρδία
1491 1168 1522 1197 σὺ
1545 1169 1591 1207 μὲν
1613 1170 1712 1207 ἀγνοεῖς
1732 1172 1778 1198 τοῦ

1015 1216 1142 1252 πλησίον,
1168 1217 1264 1248 ἐκεῖνος
1289 1215 1316 1245 δὲ
1346 1216 1432 1244 πάντα
1459 1215 1607 1244 ἐπίσταται.
1634 1216 1666 1244 Εἰ
1693 1215 1779 1244 τοίνυν

1017 1262 1106 1298 ἐπειδὴ
1126 1264 1225 1301 ἀγνοεῖς
1244 1264 1300 1294 πῶς
1315 1262 1449 1297 ἀνίστησιν
1463 1264 1477 1290 6
1497 1261 1579 1297 Θεὸς,
1602 1264 1720 1295 ἀπιστεῖς
1738 1261 1779 1291 ὅτι

1017 1309 1151 1344 ἀνίστησιν
1151 1308 1334 1351 ᾥάπιστήσεις
1348 1308 1387 1336 ὅτι
1399 1308 1444 1336 καὶ
1454 1307 1487 1336 τὰ
1501 1309 1527 1337 ἐν
1539 1310 1572 1346 τῇ
1587 1307 1687 1346 διανοίᾳ
1698 1303 1780 1343 οἶδεν;

1017 1356 1045 1384 οὐ
1059 1350 1177 1394 φαίνεῖἓαι
1190 1354 1240 1393 γὰρ
1259 1353 1316 1382 οὐδὲ
1330 1356 1422 1382 ταῦτα,
1438 1353 1531 1382 Καίτοι
1546 1353 1588 1382 ἐπὶ
1599 1357 1645 1382 τοῦ
1659 1353 1780 1392 σώματος

1018 1401 1065 1438 μὲν
1079 1400 1126 1436 ὕλη
1143 1400 1211 1429 ἐστὶν
1226 1400 1321 1440 ὁρατὴ,
1337 1400 1385 1429 κᾶν
1398 1401 1505 1438 διαλυθῇ
1518 1412 1524 1417 ·
1540 1401 1635 1429 ἐκεῖναι
1649 1399 1675 1429 δὲ
1692 1402 1719 1429 αἱ
1738 1400 1779 1429 ἔν-

1017 1460 1084 1476 νοιαι
1098 1448 1212 1487 ἀόρατοι.
1232 1447 1265 1476 Ὁ
1276 1447 1308 1476 τὰ
1321 1447 1420 1486 ἀόρατα
1434 1447 1518 1476 τοίνυν
1534 1446 1608 1480 εἰδὼς
1619 1445 1685 1484 μετὰ
1700 1448 1778 1485 ἀκρι-

1019 1493 1090 1526 Εείας
1111 1494 1227 1529 ἁπάσης,
1242 1493 1275 1522 τὰ
1289 1493 1370 1532 ὁρατὰ
1384 1494 1430 1521 οὐκ
1453 1493 1559 1531 ὄψεται,
1581 1492 1626 1521 καὶ
1650 1491 1780 1531 διαιρήσει

1020 1540 1113 1580 ῥαδίως
1123 1540 1152 1568 τὸ
1164 1542 1253 1577 σῶμα;
1264 1539 1349 1567 Παντί
1361 1551 1409 1567 που
1422 1539 1509 1573 δῆλον.
1521 1538 1567 1574 Μὴ
1578 1539 1663 1566 τοίνυν
1675 1537 1780 1566 ἀπίστει

1018 1588 1051 1624 τῇ
1073 1585 1213 1615 ἀναστάσει
1223 1597 1229 1602 ·
1246 1584 1392 1613 διαὲολικὸν
1407 1584 1458 1623 γὰρ
1471 1583 1501 1612 τὸ
1516 1583 1600 1623 δόγμα
1611 1596 1617 1601 ·
1633 1583 1677 1612 καὶ
1698 1594 1781 1612 σπου-

1020 1632 1089 1666 δάζει
1103 1635 1178 1661 τοῦτο
1192 1634 1206 1660 6
1220 1631 1348 1667 διοίῧολος,
1367 1632 1416 1670 οὐχ
1434 1630 1477 1659 ἵνα
1492 1630 1632 1663 ἀνάστασις
1646 1631 1778 1668 ἀπιστηθῇ

1021 1679 1111 1717 μόνον,
1134 1679 1191 1707 ἀλλ’
1205 1677 1248 1706 ἵνα
1269 1676 1362 1705 καὶτὰ
1382 1679 1428 1712 τῆς
1451 1678 1546 1716 ἀρετῆς
1565 1676 1627 1716 ἔργα
1646 1675 1780 1713 καταλυθῇ

1020 1724 1084 1753 ὴκαὶ
1110 1724 1247 1758 ἀπόληται.
1260 1722 1408 1762 Ἀνθρωπος
1421 1722 1472 1761 γὰρ
1487 1721 1523 1760 μὴ
1546 1722 1698 1762 προσδοκῶν
1719 1722 1781 1750 ἄνα-

1020 1771 1162 1805 στῆσεσθαι
1176 1770 1220 1798 καὶ
1235 1769 1325 1798 δώσειν
1340 1769 1415 1807 λόγον
1435 1771 1487 1797 τῶν
1503 1767 1710 1807 πεπραγμένων,
1732 1768 1782 1806 οὔχ

1020 1817 1115 1856 ἅψεται
1133 1815 1235 1855 ταχέως
1249 1817 1342 1854 ἀρετῆς
1356 1827 1362 1832 ·
1377 1817 1424 1854 οὐχ
1449 1814 1592 1852 ἁπτόμενος
1616 1813 1643 1843 δὲ
1669 1814 1762 1853 ἀρετῆς
1772 1833 1780 1846 ,

1021 1862 1186 1896 διαπιστήσει
1203 1863 1235 1900 τῇ
1254 1861 1394 1889 ἀναστάσει
1407 1860 1485 1889 πάλιν
1498 1871 1504 1877 ·
1520 1859 1655 1898 ἀμφότερα
1671 1858 1722 1898 γὰρ
1737 1859 1781 1887 ὑπ’

1021 1909 1140 1943 ἀλλήλων
1155 1907 1390 1942 κατασκευάζεται,
1402 1909 1418 1941 ἡ
1432 1905 1512 1934 κακία
1526 1906 1576 1934 ὑπὸ
1589 1907 1635 1940 τ’ῆς
1649 1905 1782 1941 ἀπιστίας,

1020 1955 1063 1984 καὶ
1081 1957 1098 1989 ἡ
1121 1953 1230 1982 ἀπιστία
1244 1952 1293 1982 ὑπὸ
1307 1955 1353 1988 τῆς
1366 1952 1468 1985 κακίας.
1488 1953 1597 1981 Πολλῶν
1614 1952 1664 1990 γὰρ
1677 1952 1782 1986 πεπλη-

1022 2000 1135 2040 ρωμένον
1148 2000 1177 2028 τὸ
1194 1999 1306 2032 συνειδὸς
1326 2001 1472 2038 πονηριῶν,
1488 1996 1600 2030 δεδοικὸς
1621 1997 1666 2026 καὶ
1689 1997 1784 2037 τρέμον

1021 2047 1068 2082 τὴν
1093 2046 1237 2085 μέλλουσαν
1257 2044 1402 2081 ἀντίδοσιν,
1421 2043 1510 2080 ἐπειδὴ
1533 2043 1569 2082 μὴ
1589 2042 1710 2081 βούλεται
1731 2042 1784 2071 ἀπὸ

1020 2097 1067 2129 τῆς
1082 2092 1228 2131 μεταὸολῆς
1241 2094 1287 2126 τῆς
1302 2091 1344 2120 ἐπὶ
1358 2091 1392 2119 τὰ
1406 2091 1535 2119 κάλλιστα
1547 2090 1595 2125 τὴν
1615 2089 1784 2129 παραμυθίαν

1021 2140 1184 2179 πορίζεσθαι,
1197 2138 1248 2166 ἀπὸ
1262 2140 1309 2172 τῆς
1325 2137 1448 2170 ἀπιστίας
1461 2136 1639 2165 ἀναπαύεσθαι
1654 2135 1784 2174 βούλεται.

1022 2188 1062 2216 Οὐ
1076 2186 1194 2225 λέγοντος
1205 2185 1254 2222 γάρ
1269 2196 1314 2212 σου
1331 2184 1470 2212 ἀνάστασιν
1486 2182 1542 2211 οὐδὲ
1556 2182 1653 2220 κρίσιν,
1667 2183 1785 2213 κάκεῖνος

1022 2235 1093 2273 ἐρεῖ·
1109 2233 1198 2260 οὐκοῦν
1217 2229 1275 2258 οὐδὲ
1298 2229 1349 2267 ἐγὼ
1370 2229 1445 2258 δώσω
1467 2229 1543 2267 λόγον
1558 2230 1609 2257 τῶν
1622 2226 1786 2265 τετολμημέ-

1022 2290 1081 2306 νων.
1095 2276 1174 2305 Ἂλλὰ
1195 2274 1220 2303 τί
1234 2286 1310 2314 φησιν
1327 2277 1339 2303 6
1355 2274 1478 2313 Χριστός
1492 2275 1647 2308 Πλανᾶσθε,
1664 2274 1700 2311 μὴ
1718 2272 1786 2302 εἶδό-

1023 2335 1065 2356 τες
1079 2322 1126 2355 τὰς
1149 2321 1271 2360 Γραφὰς,
1287 2319 1352 2358 μηδὲ
1371 2320 1419 2355 τὴν
1434 2319 1542 2358 δύναμιν
1560 2322 1604 2348 τοῦ
1618 2320 1698 2348 Θεοῦ.
1716 2317 1785 2347 Οὐδὲ

1023 2369 1073 2408 γὰρ
1093 2369 1122 2396 ἂν
1138 2371 1251 2396 τοσαῦτα
1272 2365 1506 2405 ἐπραγματεύσατο
1523 2367 1536 2393 6
1555 2365 1637 2400 Θεὸς,
1659 2364 1724 2403 εἴγε
1747 2363 1784 2402 μὴ

1024 2414 1129 2452 ἔμελλεν
1149 2412 1303 2448 ἀναστήσειν
1317 2414 1402 2450 ἡμᾶς,
1417 2411 1485 2440 ἀλλὰ
1499 2410 1612 2440 διαλύειν
1631 2410 1675 2438 καὶ
1690 2409 1786 2450 ἀφανί-

1034 2500 1132 2525 admitti
1143 2508 1212 2531 posse
1224 2499 1331 2524 videtur.
1339 2498 1364 2523 Si
1377 2497 1442 2530 legas
1453 2503 1552 2531 ἀπε-ερον,
1563 2506 1646 2521 sensus
1659 2498 1719 2522 crit:
1729 2497 1786 2521 Hoc

1035 2541 1080 2564 tihi
1091 2541 1234 2564 innnensmn
1247 2547 1297 2562 esse
1308 2538 1413 2562 videtur.
1423 2536 1516 2569 [Unice
1527 2545 1611 2561 verum
1625 2543 1662 2560 cst
1678 2536 1784 2567 inopom]

1066 2580 1078 2598 ¹*
1098 2580 1150 2611 [1:¹51
1163 2582 1273 2605 ἀπόλῃ-τα.-
1283 2582 1438 2601 accesserunt
1451 2584 1480 2600 cx
1495 2576 1549 2600 A.B
1567 2582 1592 2600 et
1604 2583 1680 2607 marg.
1693 2573 1781 2609 savit]

1876 348 1884 372 ‹-
