1906 2866
228 207 298 242 536
571 216 598 237 s.

228 286 378 314 sorbeatur
387 285 438 322 qui
449 290 490 311 est
504 283 653 321 ejusmodi.
669 283 726 311 'Non
738 281 808 310 cuim
822 280 908 309 solum
917 280 963 318 ju-

228 331 272 358 bet
286 329 465 368 objurgationi
478 328 557 356 tinem
570 328 681 366 imponi,
692 327 736 355 scd
748 327 827 355 ctiam
841 326 917 353 illum
933 323 964 351 ad

230 375 345 415 priorem
362 381 459 402 statum
476 373 576 402 reduci.
594 373 698 401 Etenim
714 373 734 400 si
750 371 809 409 quis
826 380 901 402 cuin.
921 368 966 405 qui

231 421 386 449 verberibus
400 430 482 447 cmsus
496 419 546 451 sit,
562 417 745 447 tantummodo
760 416 870 444 missum
889 415 969 441 saciat
988 418 1005 439 D

232 477 278 495 nec
294 467 317 495 ei
333 466 481 498 medeatur.
494 465 560 492 nihil
576 464 647 491 sccit.
663 462 734 491 vide
751 467 839 489 {uitem
853 468 969 496 quonam

232 523 323 540 rursus
338 510 417 539 modo
436 510 513 537 illum
533 519 636 546 quoquc
651 512 766 535 coerceat
777 527 786 539 ‚
799 515 832 532 ne
845 504 880 531 oh
903 513 969 530 con—

231 557 359 585 donatum
381 562 517 595 peccatum
544 553 659 581 deterior
682 552 737 579 liat.
754 551 821 578 Nam
847 547 971 586 quamvis

232 609 368 641 peccatum
387 601 519 628 consessus
540 598 637 632 suerit,
653 596 789 635 ipsiusque
804 604 864 622 eum
880 592 969 632 poeni—

231 648 310 676 tuerit
325 659 332 680 ;
348 645 462 674 ostendit
484 651 570 672 tamen
584 653 644 670 eum
664 651 715 669 non
737 647 790 668 tam
810 637 971 677 poenitentioe

231 703 322 732 opera,
335 702 414 729 quam
431 689 516 728 grauia
533 695 558 716 et
572 686 700 715 beneficio
713 684 820 713 veniam
834 682 968 721 consequi.

232 739 276 768 Ob
292 738 373 775 idque
387 737 436 769 ait,
450 736 570 763 Doneeis
586 740 611 761 et
628 732 827 760 consolemini.
844 730 881 758 Et
899 728 971 767 quod

231 785 364 822 sequitur,
380 782 453 811 idem
467 781 592 809 declarat.
610 781 669 808 Non
684 778 754 807 enim
770 777 842 816 quod
858 777 885 805 id
907 788 972 815 pro-

232 836 372 863 mereatur,
385 838 432 855 nec
446 826 516 864 quod
533 836 602 862 eam,
618 835 697 863 quam
713 835 762 863 par
777 823 827 859 sit,
841 823 972 862 poeniten-

231 874 294 902 tiam
314 872 465 912 pr-'rstiterit
476 894 484 908 ,
501 871 546 900 sed
568 871 631 908 quia
647 870 770 897 infirmus
784 876 837 906 est,
851 868 969 903 idcirco,

229 920 281 954 uit,
300 919 351 947 lioc
369 925 447 957 peto:
464 917 535 945 unde
555 917 635 944 etiam
660 915 816 954 subjunxit,
831 915 876 942 Ne
887 914 972 953 sorte

230 965 438 993 abundantiori
456 965 574 992 tristitia
586 963 776 990 absorbeatur
787 961 836 999 qui
844 966 885 988 est
896 961 970 998 ejus-

230 1011 316 1038 modi.
327 1010 394 1044 Quae
407 1009 488 1037 verba
501 1015 563 1037 sunt
575 1007 693 1036 hominis
703 1016 806 1045 magnae
816 1005 969 1044 ponitentiae

230 1055 410 1084 testimonium
425 1055 475 1094 ipsi
487 1053 646 1089 tribuentis,
660 1062 708 1080 nec
723 1061 783 1080 eum
802 1051 829 1079 in
847 1050 970 1089 despera-

231 1102 327 1130 tionem
348 1111 424 1129 ruere
446 1100 564 1129 sinentis.
585 1098 659 1134 Quid
677 1104 715 1126 est
734 1103 839 1133 autem,
857 1097 969 1125 Absor-

231 1147 465 1185 beaturPNempe
477 1146 519 1174 vel
533 1145 584 1173 hoc
602 1143 710 1179 faciens,
724 1141 796 1180 quod
812 1153 827 1169 a
837 1141 908 1171 Juda
925 1142 969 1169 fa-

230 1200 302 1221 ctum
313 1200 351 1221 est
359 1193 419 1231 {iVfll
432 1192 520 1227 etiam,
529 1191 550 1219 si
562 1190 625 1218 vitae
636 1199 715 1217 usura
730 1189 843 1223 fruatur,
854 1187 970 1215 deterior

231 1240 326 1267 sactus.
338 1239 445 1267 Etenim
461 1239 482 1265 si
492 1237 603 1273 resiliat,
615 1235 712 1273 inquit,
722 1233 795 1272 quod
805 1240 970 1261 contractum

231 1296 264 1313 ex
288 1285 405 1323 longiore
428 1283 612 1322 objurgatione
635 1281 756 1309 dolorem
776 1290 830 1308 non
853 1279 970 1318 amplius

231 1331 299 1359 ferre
310 1337 388 1368 queat
401 1341 408 1366 3
422 1329 558 1367 desperata
571 1327 667 1362 salute,
682 1332 727 1353 ant
738 1325 765 1352 in
777 1325 913 1362 laqueum,
924 1331 971 1351 aut

231 1377 258 1405 in
281 1377 409 1414 majorem
431 1375 555 1412 deinceps
577 1371 775 1411 improbitatem
795 1377 862 1400 ruet.
880 1371 972 1408 ltaque

230 1420 424 1450 occurrendum
445 1426 498 1454 est,
515 1429 547 1446 ne
564 1418 640 1446 ulcus
658 1417 839 1454 ingravescat,
857 1426 922 1443 neve
941 1415 971 1443 id

230 1467 303 1504 quod
318 1473 387 1494 recte
397 1463 559 1501 fecimu570b
574 1462 723 1501 neglectum
734 1459 845 1489 modum
860 1460 969 1489 amitta-

232 1524 302 1541 mus.

270 1561 298 1586 4.
314 1558 378 1585 Haec
398 1563 487 1584 autem
507 1566 536 1584 eo
554 1555 674 1590 dicebat,
690 1562 720 1583 ut
740 1561 765 1582 et
786 1553 880 1589 illum,
897 1553 970 1591 quod

228 1606 284 1643 jam
296 1604 365 1637 dixi,
377 1610 505 1632 coerceret
519 1609 544 1631 et
554 1602 716 1637 admoneret,
729 1612 761 1629 ne
772 1607 830 1640 post
843 1601 967 1639 impetra-

232 1657 286 1678 tam
306 1649 412 1678 veniam
431 1647 553 1686 ignavior
574 1647 656 1675 fieret.
672 1647 731 1675 Non
756 1646 842 1682 enim,
864 1645 967 1683 inquit,

230 1706 291 1724 eum
303 1695 339 1723 ita
348 1694 448 1733 excepi,
455 1693 530 1732 quasi
541 1692 630 1721 sordes
640 1692 744 1731 penitus
754 1691 914 1728 absterserit,
924 1690 969 1720 sed

232 1742 303 1780 quod
319 1753 423 1771 vererer
438 1752 470 1769 ne
487 1740 596 1778 gravius
611 1740 715 1777 aliquid
730 1739 756 1767 in
767 1750 794 1767 se
808 1739 968 1767 admitteret.

232 1790 275 1818 Ex
290 1799 343 1826 qno
364 1787 432 1816 illud
446 1787 574 1815 discimus
587 1808 593 1819 ‚
610 1796 662 1814 non
677 1796 709 1814 ex
724 1785 852 1814 scelerum
866 1792 968 1813 tantum

232 1841 340 1867 natura,
352 1833 397 1861 sed
410 1844 443 1861 cx
457 1832 625 1871 peccantium
639 1831 719 1859 etiam
733 1831 821 1858 animo
838 1837 915 1868 atque
930 1832 969 1859 af-
989 1840 1006 1862 E

232 1880 344 1908 sectione
367 1878 538 1906 indicendam
562 1888 616 1905 esse
642 1876 839 1915 poenitentiam,
856 1883 885 1904 ut
911 1883 969 1904 tum

233 1925 292 1953 fecit
307 1924 442 1963 apostolus
453 1945 460 1958 ,
477 1923 550 1960 quod
569 1922 652 1961 ipsius
668 1921 876 1949 imbecillitatem
895 1923 969 1949 exti-

233 1978 366 2000 mesceret.
378 1970 492 2007 Ideoque
505 1968 671 2003 dicebat‚Ne
685 1969 881 2002 absorbeatur,
897 1968 970 1996 velut

233 2028 247 2045 a
262 2017 352 2045 bellua
365 2015 490 2053 quadam,
507 2021 586 2051 atque
597 2025 611 2041 a
626 2019 780 2052 tempestate
792 2023 823 2040 ac
834 2013 966 2051 procellis.

233 2064 260 2091 ὃ.
274 2064 397 2100 Propter
407 2061 485 2098 quod
502 2061 617 2087 obsecro
628 2068 690 2086 vos.
707 2058 764 2086 Non
774 2058 831 2095 jam
846 2058 968 2097 imperat,

233 2107 280 2136 sed
294 2107 428 2141 obsecrat,
445 2115 497 2133 non
514 2111 543 2132 ut
558 2110 704 2142 praeceptor
714 2125 722 2139 ,
741 2102 787 2131 scd
801 2110 829 2131 ut
844 2104 966 2141 aequalis,

233 2162 311 2192 atque
331 2153 385 2181 illis
406 2152 433 2180 in
451 2150 594 2190 judiciaria
613 2150 673 2178 sede
692 2149 857 2183 constitutis,
871 2150 926 2189 ipse
942 2151 967 2178 in

629 215 767 238 JOANMS
794 213 973 237 CHRYSOST.
1003 212 1158 234 ARCHOEI‘.
1187 209 1455 232 CONSTANrmol'.

1019 278 1063 306 καὶ
1079 279 1124 306 οὐκ
1137 277 1253 316 ἀφιέντος
1270 277 1305 308 εἷς
1316 275 1328 291 ¹²
1337 275 1460 304 ἀπόνοιαν
1472 276 1563 304 ἐλθεῖν.
1575 273 1610 302 Τί
1625 272 1652 301 δέ
1667 275 1722 302 ἐστι
1737 273 1765 301 τὸ
1777 294 1784 306 ,

1021 325 1163 360 mmmm?
1173 335 1180 357 3
1191 321 1228 350 *Il
1241 325 1317 350 τοῦτο
1328 321 1439 356 ποιήσας
1451 320 1515 359 ὅπερ
1525 319 1569 348 καὶ
1582 318 1680 350 Ἰούδας
1695 317 1785 352 ἐποίη-

1020 379 1075 403 σεν,
1090 366 1106 401 ἢ
1122 367 1166 394 καὶ
1177 367 1202 394 ἐν
1213 369 1250 406 τῷ
1264 367 1308 404 ζῇν
1319 366 1414 405 χείρων
1426 365 1570 404 γενόμενος.
1587 363 1641 392 Κᾶν
1652 363 1703 402 γὰρ
1717 364 1785 390 ἀπο-

1022 412 1165 450 σκιρτήσῃ,
1180 411 1258 450 φησὶ,
1274 414 1311 450 τῷ
1329 411 1365 448 μὴ
1378 410 1463 450 φέρειν
1486 409 1609 438 ἐπιπλέον
1629 408 1675 443 τὴν
1698 409 1727 435 ἐκ
1740 409 1787 441 τ’ἦς

1022 457 1216 495 ἐπιτεινομένης
1231 457 1391 492 ἐπιπλήξει-ις
1406 456 1511 490 ὀδύνην·
1527 456 1653 486 πολλάκις
1666 452 1710 481 καὶ
1722 453 1787 481 ἀπο-

1022 502 1111 541 γνοὺς,
1125 502 1142 537 ἢ
1158 504 1193 535 εἷς
1215 502 1338 541 ἀγχόνην,
1352 502 1368 536 ἢ
1384 504 1418 534 εἷς
1442 501 1546 538 μείζονα
1564 499 1654 528 λοιπὸν
1669 498 1723 533 ἥξει
1736 509 1786 526 κα-

1023 548 1092 576 κίαν.
1109 552 1155 576 Δεῖ
1165 547 1249 576 τοίνυν
1261 547 1482 586 προκαταλαὸεῖν,
1496 545 1539 574 ἵνα
1555 545 1591 582 μὴ
1602 543 1786 583 χαλεπώτερον

1023 594 1053 622 τὸ
1067 593 1141 626 ἕλκος
1156 593 1278 632 γένηται,
1301 593 1384 630 μηδὲ,
1404 592 1467 630 ὅπερ
1484 590 1707 630 κατωρθώσαμεν,
1724 590 1787 617 ἀπο·

1023 639 1141 677 λέσωμεν
1156 641 1188 676 τῇ
1206 638 1328 678 ἀμετρίᾳ.

1064 1562 1157 1589 Ταῦτα
1174 1560 1201 1589 δὲ
1214 1560 1310 1599 ἔλεγεν,
1325 1560 1431 1593 ἐκεῖνον,
1451 1558 1514 1598 ὅπερ
1537 1559 1614 1598 ἔφθην
1639 1557 1729 1595 εἷπὼν,
1743 1556 1788 1587 καὶ

1024 1606 1207 1635 καταστέλλων
1232 1606 1276 1634 καὶ
1301 1605 1431 1634 παιδεύων
1449 1604 1484 1642 μὴ
1506 1604 1625 1643 γενέσθαι
1652 1603 1718 1642 μετὰ
1740 1603 1787 1638 τὴν

1024 1653 1113 1691 ἄφεσιν
1128 1652 1311 1691 ῥᾳθυμότερον.
1324 1652 1363 1680 Οὐ
1376 1650 1426 1689 γὰρ
1437 1653 1471 1683 ὥς
1486 1651 1677 1689 ἀπονιψάμενον
1691 1649 1788 1685 τέλεον,

1024 1699 1080 1726 ἀλλ’
1093 1699 1128 1730 ὡς
1141 1696 1261 1728 δεδοικὼς
1273 1696 1309 1734 μὴ
1321 1695 1504 1736 χαλεπώτερόν
1516 1708 1541 1724 τι
1552 1695 1696 1735 ἐργάσηται
1705 1717 1712 1730 ,
1721 1693 1788 1723 οὕτω

1023 1743 1161 1780 ἐδεξάμην,
1174 1742 1262 1781 φησίν.
1274 1742 1355 1771 ”Οθεν
1371 1741 1545 1780 μανθάνομεν,
1561 1741 1602 1770 ὅτι
1616 1741 1643 1769 οὔ
1657 1740 1694 1768 δεῖ
1711 1739 1788 1778 μόνον

1024 1787 1087 1825 πρὸς
1097 1787 1144 1822 τὴν
1157 1787 1233 1826 φύσιν
1243 1789 1294 1815 τῶν
1309 1787 1519 1825 ἁμαρτημάτων,
1532 1786 1599 1815 ἀλλὰ
1610 1785 1655 1814 καὶ
1666 1785 1730 1823 πρὸς
1740 1784 1788 1819 τὴν

1024 1833 1137 1861 διάνοιαν
1152 1833 1196 1861 καὶ
1213 1833 1260 1867 τὴν
1281 1832 1332 1865 ἕξιν
1349 1834 1400 1860 τῶν
1421 1831 1625 1870 ἁμαρτανόντων
1639 1830 1687 1865 τὴν
1704 1829 1786 1868 μετοί-

1023 1889 1093 1906 νοιαν
1108 1878 1201 1916 ὁρίζειν
1213 1878 1246 1906 ’ὃ
1265 1877 1309 1905 καὶ
1323 1876 1382 1904 τότε
1401 1878 1414 1904 ὁ
1433 1876 1576 1908 ἀπόστολος
1597 1875 1713 1911 ἐποίησε.
1735 1875 1788 1903 Καὶ

1021 1924 1071 1961 γὰρ
1087 1923 1205 1961 ἐφοὸεῖτο
1220 1924 1297 1951 αὐτοῦ
1310 1922 1339 1951 τὸ
1355 1922 1458 1954 ἀσθενές
1470 1933 1476 1939 ·
1488 1922 1533 1950 καὶ
1551 1921 1594 1950 διὰ
1607 1923 1683 1950 τοῦτο
1697 1919 1770 1958 ἔλεγε
1781 1942 1788 1956 ,

1024 1969 1069 2004 Μὴ
1084 1970 1220 2006 καταποθῇ
1233 1989 1240 2002 ,
1261 1970 1295 2000 ὡς
1312 1967 1354 1996 ἐπὶ
1369 1967 1468 2006 θηρίου,
1487 1969 1520 1999 ὡς
1535 1967 1579 1995 ἐπὶ
1593 1969 1740 2005 χειμῶνος,
1753 1968 1788 1998 ὡς

1023 2014 1066 2042 ἐπὶ
1081 2014 1217 2045 κλύδωνος.
1233 2013 1280 2041 Διὸ
1294 2014 1440 2052 παρακαλῶ
1460 2014 1537 2050 ὑμᾶς.
1561 2012 1660 2041 Οὐκέτι
1677 2011 1788 2040 ἐπιτᾶτ·

1023 2071 1077 2095 τει,
1093 2058 1161 2088 ἀλλὰ
1182 2059 1347 2098 παρακαλεῖ,
1362 2059 1411 2096 οὐχ
1432 2059 1466 2090 ὡς
1481 2057 1636 2090 διδάσκαλος
1646 2079 1654 2092 ,
1680 2058 1739 2085 ἀλλ’
1754 2059 1789 2089 ὡς

1023 2105 1147 2143 ὁμότιμος
1158 2127 1165 2140 ,
1181 2104 1314 2136 κάκείνους
1329 2104 1373 2132 ἐπὶ
1394 2106 1438 2131 τοῦ
1456 2103 1545 2142 θρόνου
1563 2103 1672 2135 καθίσας
1685 2106 1731 2131 τοῦ
1745 2103 1788 2130 δι-

1022 2155 1146 2181 καστικοῧ
1154 2175 1160 2187 ,
1172 2151 1261 2179 ἑαυτὸν
1277 2150 1384 2185 ἔστησεν
1397 2152 1423 2178 ἐν
1434 2150 1505 2183 τάξει
1517 2149 1666 2189 συνηγόρου.
1676 2148 1787 2183 Ἐπειδὴ

233 2199 338 2239 patroni
353 2198 410 2226 loco
427 2204 505 2235 atque
520 2195 612 2224 ordine
626 2205 653 2224 se
667 2195 816 2223 collocavit.
833 2196 967 2231 Quoniam
979 2198 1072 2237 nonsit?
1084 2197 1256 2237 κατώρθωσεν
1268 2196 1331 2234 ὅπερ
1343 2196 1472 2230 ἐδούλετο,
1487 2194 1629 2230 ἀπλήστως
1641 2194 1691 2223 ὑπὸ
1703 2199 1788 2234 χαρᾶς

234 2245 304 2274 enim
320 2244 361 2279 id,
372 2242 443 2281 quod
458 2242 484 2270 in
497 2241 586 2269 animo
599 2240 730 2275 habebat,
741 2240 900 2276 confecerat,
913 2253 967 2280 prae
988 2246 1005 2265 Α

233 2290 331 2329 gaudio
339 2289 396 2328 jam
407 2287 517 2316 modum
528 2287 554 2314 in
569 2284 746 2325 supplicando
759 2285 872 2315 excedit.
884 2287 968 2321 Quid-

233 2347 294 2365 nam
312 2342 366 2369 est,
383 2344 488 2372 quaeso,
507 2332 540 2361 de
558 2342 610 2370 quo
629 2332 774 2360 obsecras?
790 2334 826 2360 Ut
838 2333 968 2371 firmetis

233 2385 265 2410 ιίι
285 2392 350 2410 eum
365 2382 529 2409 caritatem.
545 2378 603 2406 Hoc
619 2384 674 2414 est,
691 2378 883 2407 constabiliatis
894 2402 902 2413 ‚
921 2390 968 2408 nec

233 2438 294 2456 cnm
308 2426 402 2455 leviter
416 2436 446 2454 ac
460 2424 567 2463 vulgari
581 2423 661 2451 modo
684 2424 844 2463 suscipiatis.
860 2425 966 2460 Quibus

263 2526 275 2544 b
293 2529 385 2550 ἀπὸ-ιοια
398 2523 438 2547 liic
454 2523 557 2547 omnino
570 2521 767 2553 desperationem
788 2522 927 2555 significare
945 2524 980 2547 ri-

226 2562 314 2586 detur:
332 2561 373 2586 sed
393 2561 452 2585 alibi
467 2561 556 2592 passim
576 2560 643 2591 apud
661 2560 867 2592 Clirysostonium
890 2568 980 2588 §gg-,532

1023 2247 1053 2283 τῇ
1070 2243 1191 2282 ἱκετηρία
1209 2243 1346 2282 κέχρηται.
1363 2242 1414 2271 Καὶ
1425 2241 1451 2270 τί.
1469 2241 1534 2270 ποτέ
1554 2242 1624 2269 ἐστιν
1639 2240 1787 2279 ὃπαρακα-

1021 2292 1086 2325 λεὶς,
1102 2289 1160 2318 εἰπέ
1173 2300 1216 2327 μοι
1227 2301 1234 2323 ;
1246 2290 1370 2327 Κυρῶσαι
1384 2288 1420 2319 εἷς
1432 2286 1507 2315 αὐτὸν
1523 2285 1638 2324 ἀγάπην.
1648 2284 1787 2318 Τουτέστι,

1024 2336 1177 2373 βεὲαιῶσαι,
1190 2334 1226 2372 μὴ
1240 2334 1329 2366 ἁπλῶς
1342 2332 1407 2370 μηδὲ
1422 2334 1457 2364 ὡς
1471 2331 1546 2370 ἔτυχε
1556 2329 1709 2370 προσέσθαι.
1719 2331 1787 2358 Τοῧ-

1023 2394 1052 2410 το
1068 2381 1094 2410 δὲ
1106 2381 1185 2409 πάλιν
1199 2378 1389 2418 μαρτυροῦντός
1403 2379 1472 2406 ἐστιν
1489 2377 1574 2408 αὗτοῖς
1590 2375 1684 2416 ἀρετὴν
1709 2375 1786 2414 μεγί-

1023 2439 1086 2461 στην
1096 2438 1102 2444 ·
1116 2426 1179 2464 εἴγε
1191 2426 1215 2454 οἳ
1235 2424 1301 2453 οὕτω
1319 2425 1448 2462 φιλοῦντες
1461 2422 1536 2450 αὐτὸν
1550 2421 1595 2449 καὶ
1611 2423 1786 2460 συγκροτοῖῑν-

1031 2525 1201 2557 arrogantiam
1213 2522 1250 2549 vel
1265 2520 1405 2554 superbiam
1419 2520 1543 2552 exprimit.
