1865 2871
185 172 195 193 1
215 171 250 192 ¹2
525 167 554 189 S.
584 167 722 190 somnis
750 166 929 189 CHRYSOST.

179 237 268 258 eontra
293 229 403 257 domum
430 227 502 256 illius
528 227 645 265 undiquc
666 228 812 256 excitatum
837 233 919 255 esset:

179 275 284 303 etiamsi
300 274 418 303 maxime
430 273 550 301 omnium
565 284 643 301 sensu
661 273 805 302 destitutus
820 273 863 307 sit,
877 283 920 300 cx<

181 327 303 359 spectans
319 327 406 348 tamen
423 330 450 347 sc
464 318 530 347 talia
554 329 704 357 passurum,
717 325 742 346 et
757 319 811 346 suis
828 318 921 345 timens

179 377 212 394 nc
224 366 323 394 similia
336 365 471 404 patiantur
484 387 490 399 ,
506 364 694 403 temperantior
712 364 769 391 erit.
786 365 854 391 'sota
866 362 920 390 vita

180 418 269 439 nostra
292 411 390 439 talibus
404 410 532 449 exemplis
548 410 639 438 multis
653 410 728 448 plena
751 415 799 443 cst,
813 419 859 436 nee.
873 407 919 435 dc-

181 457 252 486 ficiet
276 457 353 485 nobis
380 457 423 484 hic
445 455 595 493 corrigendi
617 455 722 483 modus.
741 455 808 482 Cum
831 459 920 480 autem

180 503 237 531 haec
253 502 375 537 dicimus,
392 512 444 529 uon
463 503 538 539 quasi
560 500 700 528 suadentes
712 499 752 528 rel
768 498 843 535 quasi
860 508 921 525 eon-

181 548 296 576 sulentes
308 548 363 575 liare
384 547 513 582 dieamus,
524 557 556 574 ue
570 545 699 574 molestior
716 544 749 571 sit
770 543 863 578 oratio,
875 543 921 571 sed

181 593 209 621 id
231 600 367 630 tamquam
384 593 561 620 narrationem
577 591 743 629 proferamus
758 601 762 615 :
776 596 799 617 et
819 600 853 617 ex
868 588 920 616 alia

181 638 364 676 consequentia
384 637 419 665 ad
434 637 548 665 similem
564 646 666 674 semper
687 634 864 662 narrationem
877 645 921 663 ve-

181 684 295 718 iiiaums,
313 694 342 711 ae
365 684 514 721 frequenter
532 682 569 709 eis
593 681 654 709 talia
678 680 800 719 exempla
821 690 921 719 propo-

182 740 285 763 namus,
301 740 353 757 non
365 728 536 756 concedentes
546 733 574 754 ut
589 726 639 753 alia
652 736 733 763 quam
745 725 802 753 lime
814 725 924 762 loquan-

182 782 225 803 tnr
237 787 242 802 z
256 774 398 809 Quomodo
415 773 496 811 liujus
509 772 605 800 domus
619 771 758 810 splendida
773 777 798 798 et
813 770 924 798 illustris

183 820 310 847 corruerit
323 831 329 855 ;
349 818 481 857 quomodo
496 818 532 846 ita
545 817 647 845 deserta
662 817 704 853 sit,
716 824 745 845 ut
759 816 843 855 ipsius
855 816 924 845 bona

184 865 272 894 omnia
289 865 314 892 in
330 865 443 893 aliorum
464 874 558 892 manns
573 862 727 899 inciderint,
741 869 804 900 quot
822 862 925 901 judicia

182 910 300 949 quotidie
314 909 348 937 de
368 910 409 937 liis
423 909 596 937 facultatibus
613 915 675 936 sunt
688 908 840 942 constituta,
860 915 925 946 quot

182 955 302 993 negotia;
318 962 381 993 quot
404 966 437 983 ex
453 955 561 983 famulis
585 954 659 982 illins
684 954 731 981 alii
746 953 924 989 emendicant,

183 1002 228 1029 alii
245 1001 382 1029 incarcere
394 1000 511 1029 conclusi
521 1000 619 1028 mortui
633 1006 704 1028 sunt.
721 1000 754 1028 Et
768 999 825 1027 haec
838 999 925 1027 omnia

184 1048 306 1076 dicamus
333 1047 407 1085 quasi
428 1047 548 1084 lugentes
577 1056 649 1082 enm,
675 1046 718 1083 qui
747 1056 780 1073 ex
796 1045 846 1073 hac
871 1046 926 1074 vita

184 1093 353 1131 migravit,et
367 1092 442 1131 qnasi
459 1092 597 1131 praesentia
609 1091 799 1130 despi‹·ie11tes;
813 1099 842 1120 ut
854 1099 879 1120 et
896 1092 927 1120 ti-

186 1150 259 1168 more
272 1146 296 1167 et
308 1138 490 1167 misericordia
511 1138 680 1166 emolliamus
704 1137 835 1165 immitem
847 1137 928 1165 illum

185 1187 313 1215 animum.
330 1186 365 1214 Et
381 1196 442 1213 eum
464 1185 523 1213 illos
537 1184 687 1213 viderimus
707 1184 749 1212 his
764 1185 927 1213 narrationi-

185 1232 235 1259 bus
253 1231 399 1270 deprcssos,
420 1237 483 1258 tunc
498 1230 607 1258 demum
621 1229 675 1258 illis
689 1229 723 1257 de
738 1229 858 1267 gehenna
872 1240 928 1258 ser-

186 1288 292 1306 monem
307 1277 462 1310 inferamus,
479 1286 531 1304 non
555 1283 691 1313 tamquam
717 1274 778 1303 illos
793 1282 927 1311 terrentes,

187 1323 233 1352 sed
248 1330 277 1351 ut
291 1323 356 1351 alios
374 1323 606 1359 commiserantes,
624 1328 649 1350 et
665 1320 849 1349 dicamuszEt
863 1322 928 1359 quid

187 1376 289 1408 oportet
309 1367 397 1397 dicere
419 1367 579 1406 praesentia?
593 1377 677 1405 neque
696 1367 766 1395 enim
785 1373 872 1395 nostra
888 1367 930 1395 his

188 1422 249 1443 sunt
268 1414 399 1443 limitibus
410 1413 611 1452 circumscripta
622 1425 629 1450 3
642 1413 689 1441 sed
704 1413 813 1451 gravius
827 1413 929 1452 suppli-

188 1461 259 1488 cium
274 1460 338 1488 tales
359 1459 479 1487 homines
499 1458 622 1496 excipiet,
641 1465 666 1486 et
683 1458 781 1486 fluvius
797 1458 889 1495 igneus
905 1465 930 1486 et

189 1506 288 1534 xcrmis
312 1515 457 1533 venenosus
479 1511 504 1532 et
530 1504 643 1532 tenebra:
671 1504 879 1532 interminabiles
907 1511 931 1532 et

190 1552 321 1591 supplicia
353 1551 526 1579 immortalia.
555 1550 584 1579 Si
613 1550 655 1578 his
681 1550 741 1579 illos
768 1551 932 1579 incantemus

189 1597 435 1632 nar1·ationihns,ct
461 1607 507 1624 nos
529 1596 601 1635 ipsos
626 1603 650 1624 et
672 1596 732 1624 illos
756 1597 931 1635 corrigemus,

190 1650 267 1681 atque
287 1643 321 1670 ab
335 1641 494 1680 :egritudine
516 1641 568 1669 cito
589 1641 777 1678 liberabimus,
793 1641 820 1669 in
837 1641 934 1679 dieque

190 1690 236 1717 illo
260 1688 426 1717 laudatorem
449 1688 536 1715 Deum
560 1687 732 1723 habebimus,
746 1694 774 1715 ut
795 1694 820 1715 et
834 1688 934 1716 Paulus

191 1734 256 1762 dicit
272 1746 278 1761 :
292 1735 332 1761 Ec
347 1740 415 1761 lunc
429 1734 494 1761 laus
511 1735 565 1761 erit
579 1735 762 1772 unicuiquea
775 1734 848 1762 Deo.
864 1734 933 1762 Laus

192 1780 261 1807 enim
284 1790 341 1816 qum
368 1779 402 1806 ab
419 1778 575 1806 hominibus
598 1778 728 1817 procedit,
745 1785 769 1806 et
789 1778 889 1807 diffluit
910 1786 934 1807 et

192 1824 337 1863 aliqnando
361 1835 412 1851 non
427 1835 441 1851 a
456 1824 525 1852 bono
548 1824 637 1852 animo
662 1824 842 1863 proficiscitur
855 1836 861 1851 z
876 1835 934 1862 qum

194 1879 281 1900 autem
307 1882 321 1899 a
346 1872 403 1899 Deo
427 1878 475 1906 est,
496 1878 521 1898 et
551 1878 638 1899 manet
663 1878 790 1910 perpetuo
813 1878 838 1899 et
866 1872 936 1900 clarc

194 1917 321 1956 splendet.
334 1917 449 1951 Quando
462 1917 531 1944 enim
554 1917 583 1952 is,
598 1918 644 1954 qui
661 1917 750 1945 omnia
774 1917 848 1945 novit
863 1924 935 1945 ante-

196 1973 276 2000 quam
292 1963 355 1990 siant
372 1969 396 1991 et
416 1963 450 1990 ab
464 1962 535 1990 omni
559 1963 684 2001 passione
697 1973 798 1991 vacuus
813 1969 862 1999 est,
878 1963 936 1990 lau-

193 2007 335 2043 dat31unc
359 2007 507 2035 indubitata
530 2014 568 2035 cst
593 2008 702 2035 virtutis
727 2007 931 2035 demonstratio.

194 2053 257 2081 erc
272 2063 333 2090 ergo
350 2064 411 2081 eum
433 2052 557 2089 sciamus,
572 2052 635 2080 talia
646 2064 787 2092 operemur
802 2060 830 2081 ut
845 2064 860 2081 a
876 2055 930 2081 Deo

195 2098 346 2135 laudemur,
364 2104 389 2126 et
414 2097 531 2125 maxima
559 2108 751 2135 consequamur
776 2098 845 2126 bona
859 2110 864 2125 ε
877 2109 935 2136 quze

196 2144 297 2172 utinam
314 2153 361 2171 nos
381 2153 471 2170 omnes
485 2142 678 2181 adipiscamur,
703 2144 787 2181 gratia
810 2150 835 2171 et
855 2143 936 2172 heni-

197 2189 296 2225 gnitate
310 2188 419 2216 Domini
433 2187 516 2215 nostri
531 2189 594 2216 Jesn
609 2187 721 2224 Christi,
739 2189 857 2226 quicum
872 2188 946 2216 Pau-i

201 2244 306 2271 unaque
320 2233 435 2272 Spiritui
460 2240 551 2261 sancto
565 2233 666 2271 gloria,
683 2233 837 2273 imperium,
853 2234 940 2262 honor

200 2290 269 2308 nunc
280 2286 305 2308 et
314 2289 428 2318 semper,
442 2285 467 2306 et
479 2278 505 2306 in
517 2278 613 2306 saecula
626 2280 793 2308 saeeulorum.
811 2282 903 2308 Amen.

235 2468 242 2477 Ἰ
264 2459 328 2483 ΕιΙίιί
342 2463 534 2492 ἁναισθητὸτερος,
545 2458 604 2490 Reg.
620 2457 686 2490 [01¹¹ss
701 2458 739 2490 A]
752 2463 954 2492 iniqu-tranfoffi

235 2499 246 2515 h
265 2497 351 2522 Mor-el.
363 2505 406 2525 πῶς
419 2500 515 2530 ε’ζεημος,
527 2496 618 2520 omisso
632 2498 709 2524 οὕτως.

233 2545 242 2555 -1
262 2535 347 2561 noret.
365 2539 540 2567 ἀπαλλάξομεν,
555 2539 669 2569 καθάπερ,
684 2535 780 2559 omissis
796 2535 956 2568 interpositis,

960 166 1100 187 Ancum-11¹
1108 180 1114 186 .
1143 165 1203 186 Con
1211 165 1268 186 §TA
1277 164 1395 186 nTlNov
1403 178 1409 184 .

975 230 1027 258 τοῖς
1044 225 1157 256 παιδίοις
1172 224 1307 259 ἐπιόντων,
1321 224 1364 252 καὶ
1385 226 1470 252 κοινοῦ
1484 223 1597 261 πολέμου
1615 224 1740 254 πάντοθεν

975 270 1087 309 ἠρμένου
1113 270 1180 297 κατὰ
1208 271 1254 303 τῆς
1269 268 1350 301 οἰκίας
1376 271 1422 303 τῆς
1444 269 1551 304 ἐκείνου,
1565 269 1613 297 κᾶν
1635 270 1738 298 πάντων

975 315 1211 354 ’ἀναισθητότερος
1236 311 1271 353 ᾗ,
1298 315 1343 343 καὶ
1367 314 1440 347 αὐτὸς
1456 316 1607 352 προσδοκῶν
1622 315 1655 343 τὰ
1678 316 1744 344 αὐτὰ

976 362 1128 395 πείσεσθαι,
1143 361 1188 389 καὶ
1206 360 1271 400 ὑπὲρ
1285 363 1336 389 τῶν
1351 362 1442 389 ἑαυτοῦ
1457 360 1578 394 δεδοικὼς
1594 361 1695 399 μήποτε
1711 363 1745 391 τὰ

976 406 1042 434 αὐτὰ
1057 406 1235 444 ὑπομείνωσι,
1260 405 1466 446 σωφρονέστερος
1487 406 1570 435 ἔσται.
1592 407 1702 435 Πολλῶν
1717 407 1745 435 δὲ

975 455 1038 489 ἡμῖν
1053 452 1174 480 τοιούτων
1196 452 1367 491 διηγημάτων
1381 454 1394 480 6
1412 452 1465 490 βίος
1479 453 1683 490 ἐμπέπλησται,
1702 452 1746 480 καὶ

976 499 1022 526 οὐκ
1044 498 1211 535 ἀπορήσομεν
1227 500 1273 532 τ’ῆς
1298 497 1419 533 τοιαύτης
1432 497 1600 537 διορθώσεως.
1619 497 1705 526 υΟταν
1718 498 1745 526 δὲ

976 547 1057 571 ταῦτα
1073 542 1201 581 λέγωμεν,
1225 543 1261 580 μὴ
1286 545 1320 575 ὡς
1344 547 1529 582 παραινοῦντες
1545 543 1610 581 μηδὲ
1625 545 1660 575 ὡς
1680 555 1746 581 συμ-

977 588 1141 621 ὅουλεύοντες
1162 588 1227 616 αὐτὰ
1248 588 1375 626 λέγωμεν,
1390 588 1432 616 ἵνα
1448 588 1484 626 μὴ
1500 588 1688 627 φορτικώτερος
1700 588 1745 625 γε’-

977 646 1053 669 νηται
1069 636 1082 662 6
1102 633 1189 672 λόγος,
1213 635 1269 662 ἀλλ’
1289 636 1323 666 ὡς
1339 636 1364 662 ἐν
1377 633 1448 666 τάξει
1468 633 1642 672 διηγήματος
1657 634 1702 662 καὶ
1721 634 1746 667 ἐξ

978 679 1068 718 ἑτέρας
1090 679 1242 712 ἀκολουθίας
1261 679 1305 707 ἐπὶ
1328 679 1376 714 τὴν
1391 678 1514 713 τοιαύτην
1540 678 1580 707 ἀεὶ
1600 679 1746 717 βαδίζωμεν

978 726 1025 760 τὴν
1050 724 1171 759 διάλεξιν,
1190 725 1234 753 καὶ
1256 727 1369 763 συνεχῶς
1382 724 1482 759 ,αὐτοὺς
1498 725 1533 756 εἰς
1547 727 1629 753 ταῦτα
1646 725 1746 762 ἓμὸάλ-

978 772 1064 809 λωμεν
1078 770 1111 799 τὰ
1123 770 1284 808 διηγήματα,
1298 770 1377 808 μηδὲν
1390 769 1476 808 ἕτερον
1493 772 1687 808 συγχιι)ροῦντες
1697 771 1747 798 λα-

979 818 1042 850 λεῖν,
1068 816 1085 851 ἢ
1110 819 1193 844 ταῦτα
1203 827 1208 833 ·
1238 817 1294 847 πῶς
1307 819 1323 850 ἡ
1340 819 1384 844 τοῦ
1399 816 1480 848 δεῖνος
1494 815 1564 843 οἰκία
1577 815 1688 853 λαμπρὰ
1703 816 1748 844 καὶ

979 862 1123 902 περιφανὴς
1138 857 1203 890 οῦσα
1217 861 1344 890 κατέπεσε
1356 873 1361 877 ·
1378 860 1390 875 ¹'
1398 863 1452 893 πῶς
1466 860 1545 892 οὕτως
1558 859 1654 899 ἔρημός
1668 861 1749 896 ἔστιν,

980 910 1014 940 ὡς
1027 909 1062 939 εἰς
1076 907 1171 946 ἑτέρων
1184 908 1266 935 ἐλθεῖν
1280 910 1370 945 χεῖρας
1388 906 1420 934 τὰ
1436 908 1461 934 ἐν
1482 907 1548 944 αὐτῇ
1562 905 1664 934 πάντα·
1679 906 1749 935 πόσα

981 953 1138 991 δικαστήρια
1160 955 1217 981 καθ’
1236 952 1349 986 ἑκάστην
1371 951 1472 990 ἡμέραν
1490 951 1555 990 ὑπὲρ
1577 951 1675 987 ταύτης
1689 963 1748 980 συν-

984 999 1074 1027 ίστατο
1087 1000 1134 1032 τῆς
1148 998 1248 1032 οὐσίας,
1263 998 1332 1026 πόσα
1350 997 1508 1036 πράγματα·
1525 997 1602 1025 πόσοι
1615 999 1667 1025 τῶν
1682 998 1750 1026 οἶκε-

982 1047 1033 1073 τῶν
1047 1038 1160 1079 ἐκείνου,
1175 1045 1198 1072 οἱ
1221 1043 1268 1081 μὲν
1284 1045 1449 1074 ἐπαιτοῦντες
1461 1065 1467 1077 ,
1483 1043 1506 1071 οἱ
1530 1042 1556 1070 δὲ
1571 1042 1600 1070 τὸ
1613 1043 1749 1079 δεσμωτή-

985 1102 1036 1128 ριον
1049 1091 1176 1121 οἰκοῦντες
1188 1089 1315 1117 ἀπέθανον
1330 1100 1335 1105 ·
1351 1088 1396 1116 καὶ
1411 1091 1493 1116 ταῦτα
1510 1087 1597 1116 πάντα
1608 1090 1643 1120 ὡς
1653 1089 1750 1117 ἐλεοῦν-

982 1148 1023 1167 τες
1039 1136 1082 1163 τὸν
1098 1134 1244 1163 ἀπελθόντα
1257 1134 1384 1172 λέγωμεν,
1398 1133 1442 1161 καὶ
1459 1135 1493 1165 ὡς
1507 1133 1540 1161 τὰ
1552 1133 1669 1172 παρόντα
1679 1134 1750 1167 ἐξευ-

982 1181 1137 1215 τελίζοντες,
1152 1179 1195 1208 ἵνα
1208 1180 1252 1208 καὶ
1275 1181 1312 1218 τῷ
1329 1179 1401 1217 φόὸῳ
1419 1179 1463 1207 καὶ
1477 1181 1514 1217 τῷ
1536 1178 1600 1216 ἐλέῳ
1614 1181 1752 1217 καταμαλ-

982 1226 1102 1264 λάξωμεν
1118 1225 1164 1260 τὴν
1183 1227 1271 1260 ἀπηνῆ
1291 1224 1404 1252 διάνοιαν
1417 1236 1423 1241 ·
1441 1224 1485 1252 καὶ
1501 1223 1563 1253 ὅταν
1578 1224 1752 1257 συσταλέντας

983 1272 1080 1310 ἴδωμεν
1109 1276 1161 1303 τοῖς
1187 1271 1334 1309 διηγήμασι
1349 1269 1448 1302 τούτοις
1459 1293 1465 1305 ,
1486 1269 1545 1298 τότε
1558 1270 1649 1299 λοιπὸν
1665 1271 1752 1303 αὐτοῖς

983 1318 1027 1347 καὶ
1041 1317 1085 1346 τὸν
1106 1318 1166 1357 περὶ
1181 1319 1227 1351 τῆς
1248 1317 1352 1355 γεέννης
1367 1316 1548 1355 ἐπεισάγωμεν
1562 1316 1646 1355 λόγον,
1663 1317 1700 1354 μὴ
1717 1319 1752 1349 ὡς

983 1363 1089 1396 τούτους
1109 1363 1265 1402 φοδοῦντες,
1283 1364 1340 1390 ἀλλ’
1365 1364 1399 1394 ὡς
1414 1362 1517 1400 ἑτέρους
1540 1363 1685 1394 ἐλεοῦντες·
1707 1363 1752 1390 καὶ

983 1409 1109 1448 λέγωμεν,
1124 1408 1167 1436 καὶ
1183 1408 1208 1436 τί
1220 1407 1271 1446 χρὴ
1284 1407 1368 1446 λέγειν
1381 1407 1414 1435 τὰ
1428 1407 1558 1445 παρόντα,
1571 1407 1628 1436 οὐδὲ
1643 1407 1694 1446 γὰρ
1707 1407 1752 1445 με’-

983 1467 1028 1493 γιρι
1055 1454 1152 1483 τούτων
1178 1454 1273 1488 ἕστηκε
1286 1453 1319 1481 τὰ
1345 1452 1460 1491 ἡμέτερα
1469 1475 1476 1488 ,
1499 1452 1567 1481 ἀλλὰ
1579 1453 1752 1492 χαλεπωτέρα

986 1500 1086 1532 δέξεται
1102 1499 1209 1531 κόλασις
1232 1498 1289 1531 τοὺς
1310 1498 1452 1531 τοιούτους,
1475 1498 1519 1526 καὶ
1540 1498 1658 1536 ποταμὸς
1672 1499 1752 1537 πυρὸς

986 1546 1030 1574 καὶ
1047 1545 1150 1580 σκώληξ
1165 1544 1264 1577 ἷοὸόλος
1277 1544 1322 1572 καὶ
1337 1543 1428 1576 σκότος
1444 1543 1614 1579 ἀτελεύτητον
1631 1544 1676 1572 καὶ
1687 1544 1752 1572 ἀθά-

986 1603 1058 1619 νατοι
1079 1591 1208 1622 κολάσεις.
1219 1590 1264 1618 Ἂν
1282 1589 1379 1622 τούτοις
1395 1589 1486 1621 αὐτοὺς
1498 1589 1688 1628 κατεπᾴδωμεν
1699 1595 1753 1622 τοῖς

987 1636 1149 1674 διηγήμασι,
1169 1635 1213 1663 καὶ
1233 1638 1303 1673 ἡμᾶς
1315 1634 1404 1667 αὐτοὺς
1419 1635 1552 1667 κάκείνους
1567 1634 1753 1673 διορθώσομεν,

988 1682 1032 1710 καὶ
1050 1684 1097 1716 τῆς
1111 1681 1258 1721 ἀρρωστίας
1277 1680 1377 1719 ταχέως
1391 1683 1401 1694 ³¹
1410 1679 1603 1718 ἀπαλλάξομεν,
1617 1680 1662 1708 καὶ
1687 1680 1755 1709 κατὰ

987 1727 1034 1761 τὴν
1047 1726 1147 1765 ἡμέραν
1163 1726 1262 1760 ἐκείνην
1278 1726 1415 1760 ἐπαινέτην
1427 1726 1469 1754 τὸν
1480 1726 1547 1754 Θεὸν
1559 1725 1658 1763 ἕξομεν,
1675 1726 1754 1755 καθοί-

988 1784 1037 1811 περ
1052 1772 1097 1800 καὶ
1115 1774 1127 1800 6
1143 1772 1247 1803 Παῦλος
1268 1783 1346 1809 φησι·
1364 1771 1416 1799 Καὶ
1426 1771 1484 1800 τότε
1494 1773 1507 1799 6
1520 1770 1623 1804 ἔπαινος
1644 1771 1754 1800 ἑκάστου

988 1818 1125 1856 γενήσεται
1139 1817 1191 1844 ἀπὸ
1203 1819 1247 1844 τοῦ
1260 1818 1338 1844 Θεοῦ.
1349 1815 1382 1844 Ὁ
1401 1816 1446 1852 μὲν
1463 1816 1513 1854 γὰρ
1526 1815 1598 1854 παρὰ
1611 1815 1755 1854 ἀνθρώποις

989 1862 1033 1890 καὶ
1048 1862 1061 1875 *
1073 1863 1172 1900 διαρῥεῖ
1201 1861 1245 1889 καὶ
1260 1861 1329 1889 ἔστιν
1345 1861 1386 1889 ὅτε
1407 1863 1453 1889 οὐκ
1468 1861 1519 1889 ἀπὸ
1539 1863 1639 1899 ἀγαΟῆς
1652 1862 1755 1890 πολλά-

989 1920 1028 1940 κις
1044 1907 1143 1945 γίνεται
1163 1905 1291 1938 διανοίας·
1307 1908 1320 1934 ὁ
1335 1906 1362 1934 δὲ
1382 1906 1454 1944 παρὰ
1471 1910 1516 1935 τοῦ
1527 1908 1595 1935 Θεοῦ
1618 1906 1662 1935 καὶ
1685 1907 1756 1944 με’νει

990 1954 1113 1988 διηνεκῶς
1123 1952 1168 1980 καὶ
1178 1951 1321 1988 διαλάμπει
1335 1951 1520 1989 σαφῶς.”οταν
1531 1952 1581 1990 γὰρ
1593 1954 1606 1980 ὁ
1618 1951 1651 1980 τὰ
1669 1953 1756 1981 πάντα

990 1998 1063 2030 εἰδὼς
1083 1997 1143 2035 πρὶν
1159 1997 1295 2036 γενέσεως,
1310 1996 1355 2024 καὶ
1371 1996 1466 2029 πάθους
1491 1997 1563 2029 ἐκτὸς
1586 1996 1621 2026 ὢν
1645 1998 1756 2036 ἐπαινῇ,

990 2045 1048 2072 τότε
1070 2044 1113 2073 καὶ
1130 2042 1361 2082 ἀναμφισὲήτητός
1376 2044 1432 2070 ἐστι
1446 2045 1493 2077 τῆς
1509 2044 1603 2081 ἀρετῆς
1615 2046 1631 2078 ἡ
1648 2043 1756 2072 ἀπόδει-

991 2088 1035 2121 ξις.
1048 2089 1140 2116 Ταῦτα
1154 2082 1196 2114 οῦν
1209 2086 1319 2121 εἰδότες,
1335 2089 1442 2114 τοιαῦτα
1453 2087 1612 2125 πράττωμεν
1631 2088 1667 2119 ὡς
1685 2087 1758 2127 παρὰ

991 2135 1035 2160 τοῦ
1050 2133 1119 2159 Θεοῦ
1131 2132 1308 2164 ἐπαινεῖσθαι,
1324 2129 1368 2158 καὶ
1383 2131 1434 2157 τῶν
1446 2129 1576 2168 μεγίστων
1593 2135 1679 2169 τυχεῖν
1693 2132 1759 2169 ἀγα-

992 2178 1042 2205 Οῶν
1053 2188 1059 2193 ·
1081 2171 1116 2203 ὧν
1131 2175 1232 2212 γένοιτο
1246 2174 1345 2207 πάντας
1359 2177 1429 2212 ἡμᾶς
1446 2176 1587 2214 ἐπιτυχεῖν,
1601 2176 1692 2214 χάριτι
1714 2176 1758 2204 καὶ

992 2220 1175 2261 φιλανθρωπίᾳ
1188 2223 1232 2248 τοῦ
1253 2219 1350 2259 Κυρίου
1365 2221 1441 2257 ἡμῶν
1457 2219 1544 2255 Ἰησοῦ
1555 2220 1671 2259 Χριστοῦ
1680 2243 1688 2256 ,
1701 2223 1757 2258 μεθ’

992 2263 1020 2296 οῧ
1037 2268 1074 2305 τῷ
1087 2265 1174 2303 Πατρὶ
1183 2287 1190 2299 ,
1201 2265 1257 2302 ἅμα
1268 2267 1304 2304 τῷ
1318 2265 1383 2305 ἁγίῳ
1397 2264 1533 2302 Πνεύματι
1546 2286 1553 2300 ,
1565 2265 1640 2301 δόξα,
1653 2266 1758 2303 κράτος,

992 2312 1057 2349 τιμὴ
1067 2332 1074 2345 ,
1098 2313 1141 2339 νῦν
1156 2311 1200 2339 καὶ
1216 2311 1265 2346 ἀεὶ,
1281 2310 1325 2338 καὶ
1340 2311 1376 2342 εἰς
1392 2310 1450 2342 τοὺς
1465 2311 1560 2342 αἰῶνας
1584 2313 1635 2339 τῶν
1647 2310 1757 2339 αἰώνων.

993 2357 1084 2394 ’Ay-‘liv-

1039 2458 1049 2468 ‘
1070 2457 1105 2490 [A¹
1117 2458 1143 2481 Β.
1154 2460 1252 2490 διαρρεἶ,
1267 2460 1302 2481 καὶ
1314 2457 1352 2487 (Α.
1365 2464 1415 2479 om.
1425 2455 1471 2487 καὶ)
1485 2460 1541 2481 ε”ττιν
1552 2460 1588 2482 Eri
1598 2460 1634 2482 οὐκ
1645 2460 1684 2483 ἀπ’
1696 2462 1762 2490 ὀρθῆς

1007 2501 1112 2525 πολλάκις
1124 2502 1234 2528 yrum-:m
1247 2497 1266 2520 δ,
1279 2495 1320 2519 Sic
1332 2493 1406 2518 etlam
1420 2500 1457 2518 est
1469 2495 1493 2518 iu
1506 2495 1680 2527 marg,S<tvil.]
