<?xml version="1.0" encoding="UTF-8"?>
<!DOCTYPE html PUBLIC "-//W3C//DTD XHTML 1.0 Transitional//EN"
    "http://www.w3.org/TR/xhtml1/DTD/xhtml1-transitional.dtd">
<html xmlns="http://www.w3.org/1999/xhtml" xml:lang="en" lang="en">
 <head>
  <title>
</title>
<meta http-equiv="Content-Type" content="text/html;charset=utf-8" />
  <meta name='ocr-system' content='tesseract 3.04.00' />
  <meta name='ocr-capabilities' content='ocr_page ocr_carea ocr_par ocr_line ocrx_word'/>
</head>
<body>
  <div class='ocr_page' id='page_1' title='image "./operaomniaquaeex10johnuoft/operaomniaquaeex10johnuoft_0134.png"; bbox 0 0 1865 2871; ppageno 0'>
   <div class='ocr_carea' id='block_1_1' title="bbox 199 176 263 209">
    <p class='ocr_par' dir='ltr' id='par_1_1' title="bbox 199 176 263 209">
     <span class='ocr_line' id='line_1_1' title="bbox 199 176 263 209; baseline -0.016 0"><span class='ocrx_word' id='word_1_1' title='bbox 199 176 263 209; x_wconf 85' lang='lat'>118</span> 
     </span>
    </p>
   </div>
   <div class='ocr_carea' id='block_1_2' title="bbox 189 250 936 1423">
    <p class='ocr_par' dir='ltr' id='par_1_2' title="bbox 189 250 936 1423">
     <span class='ocr_line' id='line_1_2' title="bbox 190 250 931 286; baseline -0.003 -6"><span class='ocrx_word' id='word_1_2' title='bbox 190 259 271 286; x_wconf 79' lang='lat' dir='ltr'>stant,</span> <span class='ocrx_word' id='word_1_3' title='bbox 293 252 319 279; x_wconf 90' lang='lat' dir='ltr'>in</span> <span class='ocrx_word' id='word_1_4' title='bbox 343 261 427 278; x_wconf 86' lang='lat' dir='ltr'>unum</span> <span class='ocrx_word' id='word_1_5' title='bbox 450 251 599 279; x_wconf 75' lang='lat' dir='ltr'>convenire.</span> <span class='ocrx_word' id='word_1_6' title='bbox 615 250 757 285; x_wconf 85' lang='lat' dir='ltr'>Quomodo</span> <span class='ocrx_word' id='word_1_7' title='bbox 783 251 852 278; x_wconf 81' lang='lat' dir='ltr'>enim</span> <span class='ocrx_word' id='word_1_8' title='bbox 875 250 931 278; x_wconf 74' lang='lat' dir='ltr'>steri</span> 
     </span>
     <span class='ocr_line' id='line_1_3' title="bbox 190 295 932 335; baseline -0.001 -10"><span class='ocrx_word' id='word_1_9' title='bbox 190 303 283 335; x_wconf 81' lang='lat' dir='ltr'>potest,</span> <span class='ocrx_word' id='word_1_10' title='bbox 307 296 403 333; x_wconf 81' lang='lat' dir='ltr'>inquit,</span> <span class='ocrx_word' id='word_1_11' title='bbox 420 305 468 324; x_wconf 81' lang='lat' dir='ltr'>vos</span> <span class='ocrx_word' id='word_1_12' title='bbox 490 295 632 334; x_wconf 79' lang='lat' dir='ltr'>prudentes</span> <span class='ocrx_word' id='word_1_13' title='bbox 647 302 671 323; x_wconf 90' lang='lat' dir='ltr'>et</span> <span class='ocrx_word' id='word_1_14' title='bbox 690 306 736 323; x_wconf 89' lang='lat' dir='ltr'>nos</span> <span class='ocrx_word' id='word_1_15' title='bbox 759 296 855 324; x_wconf 86' lang='lat' dir='ltr'>stultos</span> <span class='ocrx_word' id='word_1_16' title='bbox 878 306 932 324; x_wconf 80' lang='lat' dir='ltr'>esse</span> 
     </span>
     <span class='ocr_line' id='line_1_4' title="bbox 191 341 931 379; baseline -0.001 -10"><span class='ocrx_word' id='word_1_17' title='bbox 191 343 216 369; x_wconf 90' lang='lat' dir='ltr'>in</span> <span class='ocrx_word' id='word_1_18' title='bbox 230 341 319 375; x_wconf 88' lang='lat' dir='ltr'>rebus,</span> <span class='ocrx_word' id='word_1_19' title='bbox 332 351 390 379; x_wconf 81' lang='lat' dir='ltr'>quae</span> <span class='ocrx_word' id='word_1_20' title='bbox 401 348 463 369; x_wconf 83' lang='lat' dir='ltr'>sunt</span> <span class='ocrx_word' id='word_1_21' title='bbox 476 341 574 369; x_wconf 81' lang='lat' dir='ltr'>Christi</span> <span class='ocrx_word' id='word_1_22' title='bbox 586 341 599 368; x_wconf 65' lang='grc' dir='ltr'>ἱ)</span> <span class='ocrx_word' id='word_1_23' title='bbox 609 341 679 375; x_wconf 86' lang='lat' dir='ltr'>Quia</span> <span class='ocrx_word' id='word_1_24' title='bbox 686 342 756 369; x_wconf 90' lang='lat' dir='ltr'>enim</span> <span class='ocrx_word' id='word_1_25' title='bbox 771 341 812 369; x_wconf 89' lang='lat' dir='ltr'>illi</span> <span class='ocrx_word' id='word_1_26' title='bbox 824 341 931 378; x_wconf 86' lang='lat' dir='ltr'>quidem</span> 
     </span>
     <span class='ocr_line' id='line_1_5' title="bbox 189 386 931 425; baseline -0.003 -10"><span class='ocrx_word' id='word_1_27' title='bbox 189 387 408 421; x_wconf 66' lang='lat' dir='ltr'>verberabamur,</span> <span class='ocrx_word' id='word_1_28' title='bbox 433 386 661 425; x_wconf 77' lang='lat' dir='ltr'><strong>despiciebantur,</strong></span> <span class='ocrx_word' id='word_1_29' title='bbox 677 386 805 415; x_wconf 82' lang='lat' dir='ltr'><strong>dedecore</strong></span> <span class='ocrx_word' id='word_1_30' title='bbox 830 387 931 414; x_wconf 78' lang='lat' dir='ltr'>afficic-</span> 
     </span>
     <span class='ocr_line' id='line_1_6' title="bbox 189 431 932 470; baseline -0.003 -10"><span class='ocrx_word' id='word_1_31' title='bbox 189 432 294 467; x_wconf 83' lang='lat' dir='ltr'>bantur,</span> <span class='ocrx_word' id='word_1_32' title='bbox 310 439 335 460; x_wconf 84' lang='lat' dir='ltr'>et</span> <span class='ocrx_word' id='word_1_33' title='bbox 357 432 425 460; x_wconf 83' lang='lat' dir='ltr'>nihil</span> <span class='ocrx_word' id='word_1_34' title='bbox 443 442 497 459; x_wconf 85' lang='lat' dir='ltr'>esse</span> <span class='ocrx_word' id='word_1_35' title='bbox 512 432 750 467; x_wconf 79' lang='lat' dir='ltr'>existimabantur3</span> <span class='ocrx_word' id='word_1_36' title='bbox 768 431 817 470; x_wconf 84' lang='lat' dir='ltr'>ipsi</span> <span class='ocrx_word' id='word_1_37' title='bbox 844 438 932 459; x_wconf 80' lang='lat' dir='ltr'>autem</span> 
     </span>
     <span class='ocr_line' id='line_1_7' title="bbox 190 475 931 515; baseline -0.005 -9"><span class='ocrx_word' id='word_1_38' title='bbox 190 478 290 506; x_wconf 86' lang='lat' dir='ltr'>honore</span> <span class='ocrx_word' id='word_1_39' title='bbox 298 477 466 513; x_wconf 78' lang='lat' dir='ltr'>fruebantur,</span> <span class='ocrx_word' id='word_1_40' title='bbox 475 477 656 515; x_wconf 78' lang='lat' dir='ltr'>sapientesque</span> <span class='ocrx_word' id='word_1_41' title='bbox 666 488 696 505; x_wconf 81' lang='lat' dir='ltr'>ae</span> <span class='ocrx_word' id='word_1_42' title='bbox 707 476 849 515; x_wconf 76' lang='lat' dir='ltr'>prudentes</span> <span class='ocrx_word' id='word_1_43' title='bbox 860 475 931 514; x_wconf 81' lang='lat' dir='ltr'>apud</span> 
     </span>
     <span class='ocr_line' id='line_1_8' title="bbox 191 521 932 558; baseline -0.005 -6"><span class='ocrx_word' id='word_1_44' title='bbox 191 524 288 552; x_wconf 88' lang='lat' dir='ltr'>multos</span> <span class='ocrx_word' id='word_1_45' title='bbox 301 523 539 552; x_wconf 77' lang='lat' dir='ltr'>existimabantur:</span> <span class='ocrx_word' id='word_1_46' title='bbox 554 522 612 550; x_wconf 87' lang='lat' dir='ltr'>ideo</span> <span class='ocrx_word' id='word_1_47' title='bbox 626 522 681 550; x_wconf 63' lang='lat' dir='ltr'>hat-e</span> <span class='ocrx_word' id='word_1_48' title='bbox 689 522 754 550; x_wconf 82' lang='lat' dir='ltr'>dicit</span> <span class='ocrx_word' id='word_1_49' title='bbox 771 533 776 548; x_wconf 90' lang='lat'>:</span> <span class='ocrx_word' id='word_1_50' title='bbox 788 521 858 556; x_wconf 79' lang='lat' dir='ltr'>Quia</span> <span class='ocrx_word' id='word_1_51' title='bbox 867 532 932 558; x_wconf 85' lang='lat' dir='ltr'>quo-</span> 
     </span>
     <span class='ocr_line' id='line_1_9' title="bbox 191 566 932 608; baseline -0.005 -11"><span class='ocrx_word' id='word_1_52' title='bbox 191 569 269 598; x_wconf 90' lang='lat' dir='ltr'>modo</span> <span class='ocrx_word' id='word_1_53' title='bbox 292 569 349 598; x_wconf 84' lang='lat' dir='ltr'>sieri</span> <span class='ocrx_word' id='word_1_54' title='bbox 368 576 453 608; x_wconf 79' lang='lat' dir='ltr'>potest</span> <span class='ocrx_word' id='word_1_55' title='bbox 468 575 496 596; x_wconf 88' lang='lat' dir='ltr'>ut</span> <span class='ocrx_word' id='word_1_56' title='bbox 512 568 541 605; x_wconf 84' lang='lat' dir='ltr'>ii,</span> <span class='ocrx_word' id='word_1_57' title='bbox 560 568 607 605; x_wconf 85' lang='lat' dir='ltr'>qui</span> <span class='ocrx_word' id='word_1_58' title='bbox 623 568 678 597; x_wconf 76' lang='lat' dir='ltr'>lure</span> <span class='ocrx_word' id='word_1_59' title='bbox 695 567 850 606; x_wconf 62' lang='lat' dir='ltr'>praedicanty</span> <span class='ocrx_word' id='word_1_60' title='bbox 873 566 932 594; x_wconf 79' lang='lat' dir='ltr'>exi-</span> 
     </span>
     <span class='ocr_line' id='line_1_10' title="bbox 192 611 932 651; baseline -0.007 -8"><span class='ocrx_word' id='word_1_61' title='bbox 192 615 332 643; x_wconf 83' lang='lat' dir='ltr'>stimentur</span> <span class='ocrx_word' id='word_1_62' title='bbox 347 615 374 642; x_wconf 93' lang='lat' dir='ltr'>in</span> <span class='ocrx_word' id='word_1_63' title='bbox 389 615 421 642; x_wconf 77' lang='lat' dir='ltr'>iis</span> <span class='ocrx_word' id='word_1_64' title='bbox 441 615 551 650; x_wconf 75' lang='lat' dir='ltr'>versari,</span> <span class='ocrx_word' id='word_1_65' title='bbox 564 624 622 651; x_wconf 68' lang='lat' dir='ltr'>qum</span> <span class='ocrx_word' id='word_1_66' title='bbox 639 620 700 641; x_wconf 87' lang='lat' dir='ltr'>sunt</span> <span class='ocrx_word' id='word_1_67' title='bbox 717 613 771 640; x_wconf 86' lang='lat' dir='ltr'>illis</span> <span class='ocrx_word' id='word_1_68' title='bbox 782 611 932 640; x_wconf 68' lang='lat' dir='ltr'>contraria?</span> 
     </span>
     <span class='ocr_line' id='line_1_11' title="bbox 192 657 931 698; baseline -0.005 -10"><span class='ocrx_word' id='word_1_69' title='bbox 192 661 252 688; x_wconf 64' lang='lat' dir='ltr'>Nos</span> <span class='ocrx_word' id='word_1_70' title='bbox 264 661 384 698; x_wconf 83' lang='lat' dir='ltr'>infirmi,</span> <span class='ocrx_word' id='word_1_71' title='bbox 397 670 452 688; x_wconf 73' lang='lat' dir='ltr'>‘vos</span> <span class='ocrx_word' id='word_1_72' title='bbox 462 666 559 687; x_wconf 77' lang='lat' dir='ltr'>autem</span> <span class='ocrx_word' id='word_1_73' title='bbox 569 660 671 697; x_wconf 72' lang='lat' dir='ltr'>sortes.</span> <span class='ocrx_word' id='word_1_74' title='bbox 683 657 712 685; x_wconf 83' lang='lat' dir='ltr'>ld</span> <span class='ocrx_word' id='word_1_75' title='bbox 723 664 771 693; x_wconf 80' lang='lat' dir='ltr'>est,</span> <span class='ocrx_word' id='word_1_76' title='bbox 788 658 841 685; x_wconf 67' lang='lat' dir='ltr'>Nos</span> <span class='ocrx_word' id='word_1_77' title='bbox 855 657 931 695; x_wconf 81' lang='lat' dir='ltr'>pelli-</span> 
     </span>
     <span class='ocr_line' id='line_1_12' title="bbox 193 705 932 744; baseline -0.005 -10"><span class='ocrx_word' id='word_1_78' title='bbox 193 716 252 734; x_wconf 86' lang='lat' dir='ltr'>mur</span> <span class='ocrx_word' id='word_1_79' title='bbox 263 713 287 734; x_wconf 83' lang='lat' dir='ltr'>et</span> <span class='ocrx_word' id='word_1_80' title='bbox 303 705 530 744; x_wconf 81' lang='lat' dir='ltr'>persequutionem</span> <span class='ocrx_word' id='word_1_81' title='bbox 543 705 670 742; x_wconf 78' lang='lat' dir='ltr'>patimur,</span> <span class='ocrx_word' id='word_1_82' title='bbox 684 714 730 732; x_wconf 68' lang='lat' dir='ltr'>vos</span> <span class='ocrx_word' id='word_1_83' title='bbox 747 710 835 731; x_wconf 83' lang='lat' dir='ltr'>autem</span> <span class='ocrx_word' id='word_1_84' title='bbox 858 713 932 730; x_wconf 87' lang='lat' dir='ltr'>secu-</span> 
     </span>
     <span class='ocr_line' id='line_1_13' title="bbox 192 748 931 780; baseline -0.007 1"><span class='ocrx_word' id='word_1_85' title='bbox 192 752 270 780; x_wconf 79' lang='lat' dir='ltr'>ritate</span> <span class='ocrx_word' id='word_1_86' title='bbox 291 759 316 780; x_wconf 87' lang='lat' dir='ltr'>et</span> <span class='ocrx_word' id='word_1_87' title='bbox 336 752 465 779; x_wconf 79' lang='lat' dir='ltr'>famulatu</span> <span class='ocrx_word' id='word_1_88' title='bbox 485 750 570 778; x_wconf 82' lang='lat' dir='ltr'>multo</span> <span class='ocrx_word' id='word_1_89' title='bbox 599 750 730 777; x_wconf 84' lang='lat' dir='ltr'>fruimini.</span> <span class='ocrx_word' id='word_1_90' title='bbox 747 749 801 777; x_wconf 73' lang='lat' dir='ltr'>Sed</span> <span class='ocrx_word' id='word_1_91' title='bbox 822 748 849 776; x_wconf 87' lang='lat' dir='ltr'>id</span> <span class='ocrx_word' id='word_1_92' title='bbox 879 759 931 776; x_wconf 87' lang='lat' dir='ltr'>nou</span> 
     </span>
     <span class='ocr_line' id='line_1_14' title="bbox 192 795 931 835; baseline 0 -12"><span class='ocrx_word' id='word_1_93' title='bbox 192 797 292 835; x_wconf 84' lang='lat' dir='ltr'>patitur</span> <span class='ocrx_word' id='word_1_94' title='bbox 319 796 516 835; x_wconf 65' lang='lat' dir='ltr'>praedicationis</span> <span class='ocrx_word' id='word_1_95' title='bbox 534 803 637 823; x_wconf 83' lang='lat' dir='ltr'>natura.</span> <span class='ocrx_word' id='word_1_96' title='bbox 655 796 715 823; x_wconf 63' lang='lat' dir='ltr'>Jos</span> <span class='ocrx_word' id='word_1_97' title='bbox 731 795 856 833; x_wconf 76' lang='lat' dir='ltr'>inglorii,</span> <span class='ocrx_word' id='word_1_98' title='bbox 877 804 931 823; x_wconf 78' lang='lat' dir='ltr'>vos</span> 
     </span>
     <span class='ocr_line' id='line_1_15' title="bbox 191 838 930 879; baseline -0.003 -11"><span class='ocrx_word' id='word_1_99' title='bbox 191 847 288 868; x_wconf 75' lang='lat' dir='ltr'>aulem</span> <span class='ocrx_word' id='word_1_100' title='bbox 301 841 430 879; x_wconf 74' lang='lat' dir='ltr'>gloriosi.</span> <span class='ocrx_word' id='word_1_101' title='bbox 446 839 495 867; x_wconf 79' lang='lat' dir='ltr'>llic</span> <span class='ocrx_word' id='word_1_102' title='bbox 508 839 609 867; x_wconf 79' lang='lat' dir='ltr'>nobiles</span> <span class='ocrx_word' id='word_1_103' title='bbox 617 838 734 877; x_wconf 78' lang='lat' dir='ltr'>respicit,</span> <span class='ocrx_word' id='word_1_104' title='bbox 747 838 793 876; x_wconf 86' lang='lat' dir='ltr'>qui</span> <span class='ocrx_word' id='word_1_105' title='bbox 808 838 842 866; x_wconf 87' lang='lat' dir='ltr'>de</span> <span class='ocrx_word' id='word_1_106' title='bbox 855 845 930 867; x_wconf 75' lang='lat' dir='ltr'>exte-</span> 
     </span>
     <span class='ocr_line' id='line_1_16' title="bbox 191 884 933 923; baseline -0.001 -10"><span class='ocrx_word' id='word_1_107' title='bbox 191 885 307 913; x_wconf 83' lang='lat' dir='ltr'>rioribus</span> <span class='ocrx_word' id='word_1_108' title='bbox 331 885 414 913; x_wconf 84' lang='lat' dir='ltr'>altum</span> <span class='ocrx_word' id='word_1_109' title='bbox 434 884 581 923; x_wconf 78' lang='lat' dir='ltr'>sapiebant.</span> <span class='ocrx_word' id='word_1_110' title='bbox 613 886 655 911; x_wconf 83' lang='grc' dir='ltr'>ΙἸ.</span> <span class='ocrx_word' id='word_1_111' title='bbox 688 885 784 922; x_wconf 76' lang='lat' dir='ltr'>Usque</span> <span class='ocrx_word' id='word_1_112' title='bbox 805 886 836 911; x_wconf 81' lang='lat' dir='ltr'>in</span> <span class='ocrx_word' id='word_1_113' title='bbox 856 885 933 912; x_wconf 74' lang='lat' dir='ltr'>lianc</span> 
     </span>
     <span class='ocr_line' id='line_1_17' title="bbox 193 932 932 968; baseline -0.003 -8"><span class='ocrx_word' id='word_1_114' title='bbox 193 934 295 961; x_wconf 78' lang='lat' dir='ltr'>horam</span> <span class='ocrx_word' id='word_1_115' title='bbox 306 939 334 960; x_wconf 81' lang='lat' dir='ltr'>et</span> <span class='ocrx_word' id='word_1_116' title='bbox 351 934 491 960; x_wconf 81' lang='lat' dir='ltr'>esurimus</span> <span class='ocrx_word' id='word_1_117' title='bbox 510 938 537 960; x_wconf 78' lang='lat' dir='ltr'>et</span> <span class='ocrx_word' id='word_1_118' title='bbox 553 933 675 966; x_wconf 79' lang='lat' dir='ltr'>sitimus,</span> <span class='ocrx_word' id='word_1_119' title='bbox 692 938 718 959; x_wconf 85' lang='lat' dir='ltr'>et</span> <span class='ocrx_word' id='word_1_120' title='bbox 735 932 804 959; x_wconf 79' lang='lat' dir='ltr'>nudi</span> <span class='ocrx_word' id='word_1_121' title='bbox 824 942 932 968; x_wconf 78' lang='lat' dir='ltr'>sumus,</span> 
     </span>
     <span class='ocr_line' id='line_1_18' title="bbox 191 977 934 1016; baseline -0.004 -10"><span class='ocrx_word' id='word_1_122' title='bbox 191 985 218 1006; x_wconf 84' lang='lat' dir='ltr'>et</span> <span class='ocrx_word' id='word_1_123' title='bbox 226 978 356 1016; x_wconf 81' lang='lat' dir='ltr'>colaphis</span> <span class='ocrx_word' id='word_1_124' title='bbox 364 978 512 1014; x_wconf 80' lang='lat' dir='ltr'>caedimur,</span> <span class='ocrx_word' id='word_1_125' title='bbox 526 978 571 1004; x_wconf 39' lang='grc'>(12</span> <span class='ocrx_word' id='word_1_126' title='bbox 592 983 619 1004; x_wconf 83' lang='lat' dir='ltr'>et</span> <span class='ocrx_word' id='word_1_127' title='bbox 631 977 798 1004; x_wconf 78' lang='lat' dir='ltr'>laboramus</span> <span class='ocrx_word' id='word_1_128' title='bbox 814 987 934 1015; x_wconf 80' lang='lat' dir='ltr'>operan-</span> 
     </span>
     <span class='ocr_line' id='line_1_19' title="bbox 191 1022 933 1058; baseline -0.004 -6"><span class='ocrx_word' id='word_1_129' title='bbox 191 1031 233 1052; x_wconf 77' lang='lat' dir='ltr'>tes</span> <span class='ocrx_word' id='word_1_130' title='bbox 248 1024 383 1051; x_wconf 82' lang='lat' dir='ltr'>manibus</span> <span class='ocrx_word' id='word_1_131' title='bbox 398 1024 512 1050; x_wconf 86' lang='lat' dir='ltr'>nostris.</span> <span class='ocrx_word' id='word_1_132' title='bbox 529 1022 585 1049; x_wconf 84' lang='lat' dir='ltr'>Hoc</span> <span class='ocrx_word' id='word_1_133' title='bbox 595 1028 644 1058; x_wconf 82' lang='lat' dir='ltr'>est,</span> <span class='ocrx_word' id='word_1_134' title='bbox 659 1022 718 1049; x_wconf 82' lang='lat' dir='ltr'>Non</span> <span class='ocrx_word' id='word_1_135' title='bbox 733 1029 821 1050; x_wconf 84' lang='lat' dir='ltr'>vetera</span> <span class='ocrx_word' id='word_1_136' title='bbox 843 1032 933 1058; x_wconf 83' lang='lat' dir='ltr'>narro,</span> 
     </span>
     <span class='ocr_line' id='line_1_20' title="bbox 191 1067 935 1107; baseline -0.003 -10"><span class='ocrx_word' id='word_1_137' title='bbox 191 1068 237 1097; x_wconf 84' lang='lat' dir='ltr'>sed</span> <span class='ocrx_word' id='word_1_138' title='bbox 252 1068 325 1106; x_wconf 89' lang='lat' dir='ltr'>quod</span> <span class='ocrx_word' id='word_1_139' title='bbox 339 1068 404 1096; x_wconf 88' lang='lat' dir='ltr'>mihi</span> <span class='ocrx_word' id='word_1_140' title='bbox 413 1078 526 1107; x_wconf 67' lang='lat' dir='ltr'>praesens</span> <span class='ocrx_word' id='word_1_141' title='bbox 536 1074 640 1106; x_wconf 86' lang='lat' dir='ltr'>tempus</span> <span class='ocrx_word' id='word_1_142' title='bbox 653 1067 817 1096; x_wconf 74' lang='lat' dir='ltr'>testificatur.</span> <span class='ocrx_word' id='word_1_143' title='bbox 830 1068 935 1096; x_wconf 83' lang='lat' dir='ltr'>Huma-</span> 
     </span>
     <span class='ocr_line' id='line_1_21' title="bbox 192 1113 935 1153; baseline -0.001 -11"><span class='ocrx_word' id='word_1_144' title='bbox 192 1125 289 1142; x_wconf 82' lang='lat' dir='ltr'>narum</span> <span class='ocrx_word' id='word_1_145' title='bbox 302 1114 403 1153; x_wconf 83' lang='lat' dir='ltr'>quippe</span> <span class='ocrx_word' id='word_1_146' title='bbox 418 1124 507 1142; x_wconf 90' lang='lat' dir='ltr'>rerum</span> <span class='ocrx_word' id='word_1_147' title='bbox 520 1113 596 1141; x_wconf 90' lang='lat' dir='ltr'>nobis</span> <span class='ocrx_word' id='word_1_148' title='bbox 611 1113 684 1140; x_wconf 90' lang='lat' dir='ltr'>nulla</span> <span class='ocrx_word' id='word_1_149' title='bbox 701 1113 769 1141; x_wconf 88' lang='lat' dir='ltr'>ratio</span> <span class='ocrx_word' id='word_1_150' title='bbox 783 1120 831 1150; x_wconf 82' lang='lat' dir='ltr'>est,</span> <span class='ocrx_word' id='word_1_151' title='bbox 850 1124 935 1151; x_wconf 84' lang='lat' dir='ltr'>neque</span> 
     </span>
     <span class='ocr_line' id='line_1_22' title="bbox 190 1159 934 1198; baseline -0.001 -10"><span class='ocrx_word' id='word_1_152' title='bbox 190 1159 294 1188; x_wconf 78' lang='lat' dir='ltr'>externi</span> <span class='ocrx_word' id='word_1_153' title='bbox 307 1159 473 1198; x_wconf 73' lang='lat' dir='ltr'>splendoris3</span> <span class='ocrx_word' id='word_1_154' title='bbox 497 1159 543 1187; x_wconf 84' lang='lat' dir='ltr'>scd</span> <span class='ocrx_word' id='word_1_155' title='bbox 554 1159 588 1187; x_wconf 77' lang='lat' dir='ltr'>ad</span> <span class='ocrx_word' id='word_1_156' title='bbox 606 1160 692 1187; x_wconf 89' lang='lat' dir='ltr'>Deum</span> <span class='ocrx_word' id='word_1_157' title='bbox 715 1159 803 1187; x_wconf 86' lang='lat' dir='ltr'>solum</span> <span class='ocrx_word' id='word_1_158' title='bbox 822 1160 934 1198; x_wconf 84' lang='lat' dir='ltr'>respici-</span> 
     </span>
     <span class='ocr_line' id='line_1_23' title="bbox 192 1204 931 1243; baseline 0.001 -10"><span class='ocrx_word' id='word_1_159' title='bbox 192 1216 267 1234; x_wconf 84' lang='lat' dir='ltr'>mus:</span> <span class='ocrx_word' id='word_1_160' title='bbox 283 1205 357 1243; x_wconf 88' lang='lat' dir='ltr'>quod</span> <span class='ocrx_word' id='word_1_161' title='bbox 374 1205 472 1242; x_wconf 89' lang='lat' dir='ltr'>ubique</span> <span class='ocrx_word' id='word_1_162' title='bbox 486 1205 571 1232; x_wconf 87' lang='lat' dir='ltr'>facere</span> <span class='ocrx_word' id='word_1_163' title='bbox 586 1204 661 1232; x_wconf 90' lang='lat' dir='ltr'>nobis</span> <span class='ocrx_word' id='word_1_164' title='bbox 684 1205 862 1233; x_wconf 84' lang='lat' dir='ltr'>necessarium</span> <span class='ocrx_word' id='word_1_165' title='bbox 883 1212 931 1234; x_wconf 68' lang='lat' dir='ltr'>est,</span> 
     </span>
     <span class='ocr_line' id='line_1_24' title="bbox 192 1250 934 1288; baseline 0.001 -10"><span class='ocrx_word' id='word_1_166' title='bbox 192 1251 283 1288; x_wconf 67' lang='lat' dir='ltr'>Neque</span> <span class='ocrx_word' id='word_1_167' title='bbox 294 1251 364 1278; x_wconf 89' lang='lat' dir='ltr'>enim</span> <span class='ocrx_word' id='word_1_168' title='bbox 376 1250 463 1288; x_wconf 79' lang='lat' dir='ltr'>augeli</span> <span class='ocrx_word' id='word_1_169' title='bbox 480 1257 584 1278; x_wconf 80' lang='lat' dir='ltr'>tantum</span> <span class='ocrx_word' id='word_1_170' title='bbox 602 1260 648 1278; x_wconf 88' lang='lat' dir='ltr'>nos</span> <span class='ocrx_word' id='word_1_171' title='bbox 655 1257 784 1288; x_wconf 83' lang='lat' dir='ltr'>spectant,</span> <span class='ocrx_word' id='word_1_172' title='bbox 795 1251 840 1279; x_wconf 84' lang='lat' dir='ltr'>sed</span> <span class='ocrx_word' id='word_1_173' title='bbox 854 1251 934 1279; x_wconf 88' lang='lat' dir='ltr'>etiam</span> 
     </span>
     <span class='ocr_line' id='line_1_25' title="bbox 192 1295 936 1335; baseline 0.003 -12"><span class='ocrx_word' id='word_1_174' title='bbox 192 1303 252 1324; x_wconf 85' lang='lat' dir='ltr'>ante</span> <span class='ocrx_word' id='word_1_175' title='bbox 272 1296 332 1324; x_wconf 89' lang='lat' dir='ltr'>illos</span> <span class='ocrx_word' id='word_1_176' title='bbox 352 1296 408 1334; x_wconf 91' lang='lat' dir='ltr'>ipse</span> <span class='ocrx_word' id='word_1_177' title='bbox 422 1295 590 1333; x_wconf 76' lang='lat' dir='ltr'>agonotheta.</span> <span class='ocrx_word' id='word_1_178' title='bbox 616 1296 674 1323; x_wconf 84' lang='lat' dir='ltr'>Non</span> <span class='ocrx_word' id='word_1_179' title='bbox 694 1295 784 1332; x_wconf 81' lang='lat' dir='ltr'>itaque</span> <span class='ocrx_word' id='word_1_180' title='bbox 796 1296 856 1324; x_wconf 87' lang='lat' dir='ltr'>aliis</span> <span class='ocrx_word' id='word_1_181' title='bbox 879 1307 936 1335; x_wconf 84' lang='lat' dir='ltr'>ege-</span> 
     </span>
     <span class='ocr_line' id='line_1_26' title="bbox 194 1340 936 1370; baseline 0.001 -1"><span class='ocrx_word' id='word_1_182' title='bbox 194 1351 252 1369; x_wconf 86' lang='lat' dir='ltr'>mus</span> <span class='ocrx_word' id='word_1_183' title='bbox 266 1341 461 1369; x_wconf 79' lang='lat' dir='ltr'>laudatoribus.</span> <span class='ocrx_word' id='word_1_184' title='bbox 475 1341 530 1368; x_wconf 89' lang='lat' dir='ltr'>Hoc</span> <span class='ocrx_word' id='word_1_185' title='bbox 542 1341 614 1369; x_wconf 89' lang='lat' dir='ltr'>enim</span> <span class='ocrx_word' id='word_1_186' title='bbox 635 1347 672 1368; x_wconf 85' lang='lat' dir='ltr'>est</span> <span class='ocrx_word' id='word_1_187' title='bbox 690 1340 730 1368; x_wconf 89' lang='lat' dir='ltr'>illi</span> <span class='ocrx_word' id='word_1_188' title='bbox 746 1342 936 1370; x_wconf 82' lang='lat' dir='ltr'>contumeliam</span> 
     </span>
     <span class='ocr_line' id='line_1_27' title="bbox 193 1385 936 1423; baseline 0.001 -9"><span class='ocrx_word' id='word_1_189' title='bbox 193 1386 299 1421; x_wconf 79' lang='lat' dir='ltr'>inferre,</span> <span class='ocrx_word' id='word_1_190' title='bbox 309 1397 368 1414; x_wconf 92' lang='lat' dir='ltr'>cum</span> <span class='ocrx_word' id='word_1_191' title='bbox 380 1386 456 1414; x_wconf 86' lang='lat' dir='ltr'>illum</span> <span class='ocrx_word' id='word_1_192' title='bbox 463 1385 539 1423; x_wconf 78' lang='lat' dir='ltr'>quasi</span> <span class='ocrx_word' id='word_1_193' title='bbox 548 1385 584 1413; x_wconf 83' lang='lat' dir='ltr'>ad</span> <span class='ocrx_word' id='word_1_194' title='bbox 596 1396 642 1413; x_wconf 92' lang='lat' dir='ltr'>nos</span> <span class='ocrx_word' id='word_1_195' title='bbox 653 1385 799 1414; x_wconf 81' lang='lat' dir='ltr'>laudandos</span> <span class='ocrx_word' id='word_1_196' title='bbox 812 1397 863 1415; x_wconf 88' lang='lat' dir='ltr'>non</span> <span class='ocrx_word' id='word_1_197' title='bbox 874 1388 936 1415; x_wconf 78' lang='lat' dir='ltr'>satis</span> 
     </span>
    </p>
   </div>
   <div class='ocr_carea' id='block_1_3' title="bbox 532 185 934 207">
    <p class='ocr_par' dir='ltr' id='par_1_3' title="bbox 532 185 934 207">
     <span class='ocr_line' id='line_1_28' title="bbox 532 185 934 207; baseline 0 0"><span class='ocrx_word' id='word_1_198' title='bbox 532 185 560 207; x_wconf 83' lang='lat' dir='ltr'>S.</span> <span class='ocrx_word' id='word_1_199' title='bbox 590 185 728 207; x_wconf 25' lang='lat' dir='ltr'>JOAxNNts</span> <span class='ocrx_word' id='word_1_200' title='bbox 755 186 934 207; x_wconf 65' lang='lat' dir='ltr'>Ctlttx&#39;SOS&#39;l‘.</span> 
     </span>
    </p>
   </div>
   <div class='ocr_carea' id='block_1_4' title="bbox 194 1431 937 2435">
    <p class='ocr_par' dir='ltr' id='par_1_4' title="bbox 194 1431 937 2435">
     <span class='ocr_line' id='line_1_29' title="bbox 194 1431 933 1472; baseline 0.001 -11"><span class='ocrx_word' id='word_1_201' title='bbox 194 1433 227 1462; x_wconf 85' lang='lat' dir='ltr'>sit</span> <span class='ocrx_word' id='word_1_202' title='bbox 255 1439 504 1472; x_wconf 80' lang='lat' dir='ltr'>praetercurrentes,</span> <span class='ocrx_word' id='word_1_203' title='bbox 524 1431 559 1459; x_wconf 79' lang='lat' dir='ltr'>ad</span> <span class='ocrx_word' id='word_1_204' title='bbox 586 1442 728 1461; x_wconf 80' lang='lat' dir='ltr'>conservos</span> <span class='ocrx_word' id='word_1_205' title='bbox 750 1443 933 1472; x_wconf 81' lang='lat' dir='ltr'>properamus.</span> 
     </span>
     <span class='ocr_line' id='line_1_30' title="bbox 195 1477 934 1516; baseline 0.001 -10"><span class='ocrx_word' id='word_1_206' title='bbox 195 1477 429 1515; x_wconf 84' lang='lat' dir='ltr'>Quemadmodum</span> <span class='ocrx_word' id='word_1_207' title='bbox 443 1478 514 1506; x_wconf 86' lang='lat' dir='ltr'>enim</span> <span class='ocrx_word' id='word_1_208' title='bbox 524 1478 571 1515; x_wconf 87' lang='lat' dir='ltr'>qui</span> <span class='ocrx_word' id='word_1_209' title='bbox 589 1478 615 1505; x_wconf 85' lang='lat' dir='ltr'>in</span> <span class='ocrx_word' id='word_1_210' title='bbox 626 1488 711 1516; x_wconf 87' lang='lat' dir='ltr'>parvo</span> <span class='ocrx_word' id='word_1_211' title='bbox 729 1479 832 1507; x_wconf 86' lang='lat' dir='ltr'>theatro</span> <span class='ocrx_word' id='word_1_212' title='bbox 846 1479 934 1507; x_wconf 84' lang='lat' dir='ltr'>decer-</span> 
     </span>
     <span class='ocr_line' id='line_1_31' title="bbox 194 1524 937 1562; baseline 0 -9"><span class='ocrx_word' id='word_1_213' title='bbox 194 1532 260 1556; x_wconf 57' lang='lat' dir='ltr'>tant„</span> <span class='ocrx_word' id='word_1_214' title='bbox 279 1534 406 1561; x_wconf 80' lang='lat' dir='ltr'>magnum</span> <span class='ocrx_word' id='word_1_215' title='bbox 429 1530 560 1562; x_wconf 83' lang='lat' dir='ltr'>quaerunt,</span> <span class='ocrx_word' id='word_1_216' title='bbox 582 1524 658 1561; x_wconf 79' lang='lat' dir='ltr'>quasi</span> <span class='ocrx_word' id='word_1_217' title='bbox 669 1524 738 1552; x_wconf 87' lang='lat' dir='ltr'>illud</span> <span class='ocrx_word' id='word_1_218' title='bbox 752 1535 804 1552; x_wconf 91' lang='lat' dir='ltr'>non</span> <span class='ocrx_word' id='word_1_219' title='bbox 822 1525 937 1553; x_wconf 76' lang='lat' dir='ltr'>sufficiat</span> 
     </span>
     <span class='ocr_line' id='line_1_32' title="bbox 195 1570 934 1607; baseline -0.001 -7"><span class='ocrx_word' id='word_1_220' title='bbox 195 1572 229 1600; x_wconf 90' lang='lat' dir='ltr'>ad</span> <span class='ocrx_word' id='word_1_221' title='bbox 243 1572 443 1600; x_wconf 77' lang='lat' dir='ltr'>ostentationem</span> <span class='ocrx_word' id='word_1_222' title='bbox 463 1582 468 1596; x_wconf 73' lang='grc' dir='ltr'><strong>ε</strong></span> <span class='ocrx_word' id='word_1_223' title='bbox 484 1570 522 1598; x_wconf 87' lang='lat' dir='ltr'>sic</span> <span class='ocrx_word' id='word_1_224' title='bbox 535 1576 560 1597; x_wconf 86' lang='lat' dir='ltr'>et</span> <span class='ocrx_word' id='word_1_225' title='bbox 575 1570 604 1605; x_wconf 89' lang='lat' dir='ltr'>ii,</span> <span class='ocrx_word' id='word_1_226' title='bbox 629 1570 675 1607; x_wconf 88' lang='lat' dir='ltr'>qui</span> <span class='ocrx_word' id='word_1_227' title='bbox 697 1577 757 1598; x_wconf 86' lang='lat' dir='ltr'>ante</span> <span class='ocrx_word' id='word_1_228' title='bbox 777 1571 826 1598; x_wconf 90' lang='lat' dir='ltr'>Dei</span> <span class='ocrx_word' id='word_1_229' title='bbox 843 1571 934 1599; x_wconf 83' lang='lat' dir='ltr'>oculos</span> 
     </span>
     <span class='ocr_line' id='line_1_33' title="bbox 195 1614 936 1653; baseline -0.001 -8"><span class='ocrx_word' id='word_1_230' title='bbox 195 1617 339 1653; x_wconf 78' lang='lat' dir='ltr'>decertant,</span> <span class='ocrx_word' id='word_1_231' title='bbox 353 1615 502 1653; x_wconf 83' lang='lat' dir='ltr'>deindeque</span> <span class='ocrx_word' id='word_1_232' title='bbox 511 1614 618 1642; x_wconf 85' lang='lat' dir='ltr'>laudem</span> <span class='ocrx_word' id='word_1_233' title='bbox 630 1615 769 1643; x_wconf 85' lang='lat' dir='ltr'>hominum</span> <span class='ocrx_word' id='word_1_234' title='bbox 781 1623 936 1653; x_wconf 61' lang='lat' dir='ltr'>quaerentes,</span> 
     </span>
     <span class='ocr_line' id='line_1_34' title="bbox 196 1660 934 1701; baseline -0.001 -10"><span class='ocrx_word' id='word_1_235' title='bbox 196 1670 220 1691; x_wconf 87' lang='lat' dir='ltr'>et</span> <span class='ocrx_word' id='word_1_236' title='bbox 234 1663 360 1701; x_wconf 87' lang='lat' dir='ltr'>majorem</span> <span class='ocrx_word' id='word_1_237' title='bbox 377 1661 539 1690; x_wconf 82' lang='lat' dir='ltr'>dimittentes</span> <span class='ocrx_word' id='word_1_238' title='bbox 557 1667 586 1688; x_wconf 89' lang='lat' dir='ltr'>ut</span> <span class='ocrx_word' id='word_1_239' title='bbox 600 1660 729 1688; x_wconf 88' lang='lat' dir='ltr'>minorem</span> <span class='ocrx_word' id='word_1_240' title='bbox 752 1669 934 1699; x_wconf 86' lang='lat' dir='ltr'>assequantur,</span> 
     </span>
     <span class='ocr_line' id='line_1_35' title="bbox 197 1707 936 1747; baseline 0 -10"><span class='ocrx_word' id='word_1_241' title='bbox 197 1718 324 1747; x_wconf 83' lang='lat' dir='ltr'>magnum</span> <span class='ocrx_word' id='word_1_242' title='bbox 348 1708 399 1735; x_wconf 89' lang='lat' dir='ltr'>sibi</span> <span class='ocrx_word' id='word_1_243' title='bbox 427 1707 564 1735; x_wconf 85' lang='lat' dir='ltr'>attrahunt</span> <span class='ocrx_word' id='word_1_244' title='bbox 597 1707 770 1745; x_wconf 87' lang='lat' dir='ltr'>supplicium.</span> <span class='ocrx_word' id='word_1_245' title='bbox 791 1707 848 1736; x_wconf 85' lang='lat' dir='ltr'>Hoc</span> <span class='ocrx_word' id='word_1_246' title='bbox 873 1718 936 1747; x_wconf 82' lang='lat' dir='ltr'>ergo</span> 
     </span>
     <span class='ocr_line' id='line_1_36' title="bbox 197 1751 934 1790; baseline -0.001 -8"><span class='ocrx_word' id='word_1_247' title='bbox 197 1754 285 1782; x_wconf 80' lang='lat' dir='ltr'>omnia</span> <span class='ocrx_word' id='word_1_248' title='bbox 295 1764 340 1782; x_wconf 88' lang='lat' dir='ltr'>sus</span> <span class='ocrx_word' id='word_1_249' title='bbox 351 1753 436 1790; x_wconf 86' lang='lat' dir='ltr'>deque</span> <span class='ocrx_word' id='word_1_250' title='bbox 444 1751 532 1786; x_wconf 77' lang='lat' dir='ltr'>vertit,</span> <span class='ocrx_word' id='word_1_251' title='bbox 548 1751 598 1780; x_wconf 85' lang='lat' dir='ltr'>hoc</span> <span class='ocrx_word' id='word_1_252' title='bbox 607 1752 697 1779; x_wconf 87' lang='lat' dir='ltr'>orbem</span> <span class='ocrx_word' id='word_1_253' title='bbox 711 1759 794 1780; x_wconf 87' lang='lat' dir='ltr'>totum</span> <span class='ocrx_word' id='word_1_254' title='bbox 804 1753 934 1789; x_wconf 85' lang='lat' dir='ltr'>turbavit,</span> 
     </span>
     <span class='ocr_line' id='line_1_37' title="bbox 198 1797 935 1838; baseline 0 -11"><span class='ocrx_word' id='word_1_255' title='bbox 198 1799 271 1838; x_wconf 87' lang='lat' dir='ltr'>quod</span> <span class='ocrx_word' id='word_1_256' title='bbox 283 1799 318 1827; x_wconf 86' lang='lat' dir='ltr'>ad</span> <span class='ocrx_word' id='word_1_257' title='bbox 332 1799 452 1827; x_wconf 85' lang='lat' dir='ltr'>homines</span> <span class='ocrx_word' id='word_1_258' title='bbox 465 1797 633 1836; x_wconf 83' lang='lat' dir='ltr'>respicientes</span> <span class='ocrx_word' id='word_1_259' title='bbox 646 1798 734 1826; x_wconf 88' lang='lat' dir='ltr'>omnia</span> <span class='ocrx_word' id='word_1_260' title='bbox 747 1798 875 1826; x_wconf 85' lang='lat' dir='ltr'>faciamus</span> <span class='ocrx_word' id='word_1_261' title='bbox 888 1811 894 1826; x_wconf 91' lang='lat'><strong>:</strong></span> <span class='ocrx_word' id='word_1_262' title='bbox 911 1806 935 1827; x_wconf 86' lang='lat' dir='ltr'>et</span> 
     </span>
     <span class='ocr_line' id='line_1_38' title="bbox 197 1843 935 1881; baseline -0.003 -7"><span class='ocrx_word' id='word_1_263' title='bbox 197 1846 225 1874; x_wconf 92' lang='lat' dir='ltr'>in</span> <span class='ocrx_word' id='word_1_264' title='bbox 239 1845 316 1873; x_wconf 92' lang='lat' dir='ltr'>bonis</span> <span class='ocrx_word' id='word_1_265' title='bbox 333 1844 402 1872; x_wconf 85' lang='lat' dir='ltr'>nihil</span> <span class='ocrx_word' id='word_1_266' title='bbox 425 1854 479 1871; x_wconf 83' lang='lat' dir='ltr'>esse</span> <span class='ocrx_word' id='word_1_267' title='bbox 491 1843 622 1872; x_wconf 82' lang='lat' dir='ltr'>ducamus·</span> <span class='ocrx_word' id='word_1_268' title='bbox 635 1843 708 1881; x_wconf 86' lang='lat' dir='ltr'>quod</span> <span class='ocrx_word' id='word_1_269' title='bbox 728 1845 814 1872; x_wconf 89' lang='lat' dir='ltr'>Deum</span> <span class='ocrx_word' id='word_1_270' title='bbox 838 1844 935 1872; x_wconf 85' lang='lat' dir='ltr'>habea-</span> 
     </span>
     <span class='ocr_line' id='line_1_39' title="bbox 197 1889 934 1927; baseline -0.001 -7"><span class='ocrx_word' id='word_1_271' title='bbox 197 1902 257 1920; x_wconf 87' lang='lat' dir='ltr'>mus</span> <span class='ocrx_word' id='word_1_272' title='bbox 265 1889 442 1925; x_wconf 84' lang='lat' dir='ltr'>laudatorem,</span> <span class='ocrx_word' id='word_1_273' title='bbox 456 1889 502 1917; x_wconf 88' lang='lat' dir='ltr'>sed</span> <span class='ocrx_word' id='word_1_274' title='bbox 514 1900 528 1917; x_wconf 92' lang='lat' dir='ltr'>a</span> <span class='ocrx_word' id='word_1_275' title='bbox 539 1890 672 1918; x_wconf 85' lang='lat' dir='ltr'>conservis</span> <span class='ocrx_word' id='word_1_276' title='bbox 679 1900 829 1927; x_wconf 70' lang='lat' dir='ltr'>quaeramus</span> <span class='ocrx_word' id='word_1_277' title='bbox 836 1890 934 1919; x_wconf 76' lang='lat' dir='ltr'>famam</span> 
     </span>
     <span class='ocr_line' id='line_1_40' title="bbox 197 1935 933 1975; baseline -0.001 -9"><span class='ocrx_word' id='word_1_278' title='bbox 197 1945 222 1966; x_wconf 91' lang='lat' dir='ltr'>et</span> <span class='ocrx_word' id='word_1_279' title='bbox 236 1937 365 1975; x_wconf 82' lang='lat' dir='ltr'>gloriam:</span> <span class='ocrx_word' id='word_1_280' title='bbox 377 1942 401 1963; x_wconf 87' lang='lat' dir='ltr'>et</span> <span class='ocrx_word' id='word_1_281' title='bbox 415 1935 441 1963; x_wconf 87' lang='lat' dir='ltr'>in</span> <span class='ocrx_word' id='word_1_282' title='bbox 457 1935 595 1964; x_wconf 80' lang='lat' dir='ltr'>contrariis</span> <span class='ocrx_word' id='word_1_283' title='bbox 609 1947 716 1964; x_wconf 89' lang='lat' dir='ltr'>rursum</span> <span class='ocrx_word' id='word_1_284' title='bbox 729 1937 785 1964; x_wconf 89' lang='lat' dir='ltr'>Deo</span> <span class='ocrx_word' id='word_1_285' title='bbox 798 1936 933 1975; x_wconf 82' lang='lat' dir='ltr'>despecto,</span> 
     </span>
     <span class='ocr_line' id='line_1_41' title="bbox 197 1981 935 2021; baseline 0 -9"><span class='ocrx_word' id='word_1_286' title='bbox 197 1983 317 2012; x_wconf 83' lang='lat' dir='ltr'>homines</span> <span class='ocrx_word' id='word_1_287' title='bbox 339 1981 521 2010; x_wconf 79' lang='lat' dir='ltr'>formidemus.</span> <span class='ocrx_word' id='word_1_288' title='bbox 540 1982 621 2019; x_wconf 73' lang='lat' dir='ltr'>Atqui</span> <span class='ocrx_word' id='word_1_289' title='bbox 636 1982 687 2021; x_wconf 86' lang='lat' dir='ltr'>ipsi</span> <span class='ocrx_word' id='word_1_290' title='bbox 713 1983 853 2010; x_wconf 85' lang='lat' dir='ltr'>nobiscum</span> <span class='ocrx_word' id='word_1_291' title='bbox 882 1990 935 2012; x_wconf 85' lang='lat' dir='ltr'>sta-</span> 
     </span>
     <span class='ocr_line' id='line_1_42' title="bbox 197 2029 935 2069; baseline 0 -10"><span class='ocrx_word' id='word_1_292' title='bbox 197 2031 264 2059; x_wconf 92' lang='lat' dir='ltr'>bunt</span> <span class='ocrx_word' id='word_1_293' title='bbox 286 2037 346 2058; x_wconf 88' lang='lat' dir='ltr'>ante</span> <span class='ocrx_word' id='word_1_294' title='bbox 372 2029 489 2057; x_wconf 87' lang='lat' dir='ltr'>tribunal</span> <span class='ocrx_word' id='word_1_295' title='bbox 517 2029 584 2056; x_wconf 82' lang='lat' dir='ltr'>illud</span> <span class='ocrx_word' id='word_1_296' title='bbox 597 2051 604 2065; x_wconf 83' lang='lat'>‚</span> <span class='ocrx_word' id='word_1_297' title='bbox 630 2029 699 2057; x_wconf 89' lang='lat' dir='ltr'>nihil</span> <span class='ocrx_word' id='word_1_298' title='bbox 721 2040 768 2057; x_wconf 90' lang='lat' dir='ltr'>nos</span> <span class='ocrx_word' id='word_1_299' title='bbox 789 2030 935 2069; x_wconf 81' lang='lat' dir='ltr'>juvantes;</span> 
     </span>
     <span class='ocr_line' id='line_1_43' title="bbox 197 2075 935 2113; baseline 0.001 -9"><span class='ocrx_word' id='word_1_300' title='bbox 197 2077 270 2104; x_wconf 85' lang='lat' dir='ltr'>Deus</span> <span class='ocrx_word' id='word_1_301' title='bbox 289 2083 388 2111; x_wconf 87' lang='lat' dir='ltr'>autem,</span> <span class='ocrx_word' id='word_1_302' title='bbox 412 2085 490 2112; x_wconf 88' lang='lat' dir='ltr'>quem</span> <span class='ocrx_word' id='word_1_303' title='bbox 514 2075 570 2113; x_wconf 88' lang='lat' dir='ltr'>jam</span> <span class='ocrx_word' id='word_1_304' title='bbox 585 2075 756 2113; x_wconf 86' lang='lat' dir='ltr'>despicimus,</span> <span class='ocrx_word' id='word_1_305' title='bbox 777 2077 935 2105; x_wconf 82' lang='lat' dir='ltr'>sententiam</span> 
     </span>
     <span class='ocr_line' id='line_1_44' title="bbox 197 2120 936 2157; baseline 0 -6"><span class='ocrx_word' id='word_1_306' title='bbox 197 2123 224 2151; x_wconf 90' lang='lat' dir='ltr'>in</span> <span class='ocrx_word' id='word_1_307' title='bbox 240 2133 286 2151; x_wconf 86' lang='lat' dir='ltr'>nos</span> <span class='ocrx_word' id='word_1_308' title='bbox 300 2122 372 2150; x_wconf 84' lang='lat' dir='ltr'>seret.</span> <span class='ocrx_word' id='word_1_309' title='bbox 385 2123 504 2149; x_wconf 78' lang='lat' dir='ltr'>Attamen</span> <span class='ocrx_word' id='word_1_310' title='bbox 519 2131 579 2150; x_wconf 88' lang='lat' dir='ltr'>cum</span> <span class='ocrx_word' id='word_1_311' title='bbox 589 2120 645 2148; x_wconf 58' lang='lat' dir='ltr'>haee</span> <span class='ocrx_word' id='word_1_312' title='bbox 659 2121 783 2157; x_wconf 86' lang='lat' dir='ltr'>sciamus,</span> <span class='ocrx_word' id='word_1_313' title='bbox 800 2121 834 2150; x_wconf 85' lang='lat' dir='ltr'>ad</span> <span class='ocrx_word' id='word_1_314' title='bbox 849 2122 936 2151; x_wconf 87' lang='lat' dir='ltr'>homi-</span> 
     </span>
     <span class='ocr_line' id='line_1_45' title="bbox 198 2167 937 2206; baseline 0 -8"><span class='ocrx_word' id='word_1_315' title='bbox 198 2180 243 2198; x_wconf 87' lang='lat' dir='ltr'>nes</span> <span class='ocrx_word' id='word_1_316' title='bbox 267 2169 416 2197; x_wconf 88' lang='lat' dir='ltr'>inhiamus:</span> <span class='ocrx_word' id='word_1_317' title='bbox 434 2167 505 2205; x_wconf 85' lang='lat' dir='ltr'>quod</span> <span class='ocrx_word' id='word_1_318' title='bbox 529 2174 567 2195; x_wconf 87' lang='lat' dir='ltr'>est</span> <span class='ocrx_word' id='word_1_319' title='bbox 594 2167 711 2206; x_wconf 91' lang='lat' dir='ltr'>primum</span> <span class='ocrx_word' id='word_1_320' title='bbox 732 2175 880 2206; x_wconf 82' lang='lat' dir='ltr'>peccatum.</span> <span class='ocrx_word' id='word_1_321' title='bbox 903 2170 937 2198; x_wconf 90' lang='lat' dir='ltr'>Et</span> 
     </span>
     <span class='ocr_line' id='line_1_46' title="bbox 197 2213 937 2251; baseline 0 -8"><span class='ocrx_word' id='word_1_322' title='bbox 197 2215 304 2243; x_wconf 83' lang='lat' dir='ltr'>homine</span> <span class='ocrx_word' id='word_1_323' title='bbox 315 2213 421 2242; x_wconf 83' lang='lat' dir='ltr'>vidente</span> <span class='ocrx_word' id='word_1_324' title='bbox 427 2213 549 2241; x_wconf 82' lang='lat' dir='ltr'>fornicari</span> <span class='ocrx_word' id='word_1_325' title='bbox 565 2223 641 2240; x_wconf 87' lang='lat' dir='ltr'>nemo</span> <span class='ocrx_word' id='word_1_326' title='bbox 652 2213 777 2251; x_wconf 77' lang='lat' dir='ltr'>voluerit,</span> <span class='ocrx_word' id='word_1_327' title='bbox 786 2214 832 2243; x_wconf 84' lang='lat' dir='ltr'>sed</span> <span class='ocrx_word' id='word_1_328' title='bbox 844 2215 937 2243; x_wconf 87' lang='lat' dir='ltr'>etiam-</span> 
     </span>
     <span class='ocr_line' id='line_1_47' title="bbox 197 2258 935 2297; baseline 0 -9"><span class='ocrx_word' id='word_1_329' title='bbox 197 2261 220 2288; x_wconf 89' lang='lat' dir='ltr'>si</span> <span class='ocrx_word' id='word_1_330' title='bbox 237 2260 303 2288; x_wconf 88' lang='lat' dir='ltr'>vitio</span> <span class='ocrx_word' id='word_1_331' title='bbox 316 2259 363 2287; x_wconf 84' lang='lat' dir='ltr'>illo</span> <span class='ocrx_word' id='word_1_332' title='bbox 377 2258 476 2293; x_wconf 84' lang='lat' dir='ltr'>ardeat,</span> <span class='ocrx_word' id='word_1_333' title='bbox 491 2258 600 2285; x_wconf 69' lang='lat' dir='ltr'>assertus</span> <span class='ocrx_word' id='word_1_334' title='bbox 612 2258 685 2286; x_wconf 85' lang='lat' dir='ltr'>illius</span> <span class='ocrx_word' id='word_1_335' title='bbox 698 2259 820 2297; x_wconf 82' lang='lat' dir='ltr'>tyrannis</span> <span class='ocrx_word' id='word_1_336' title='bbox 831 2260 867 2288; x_wconf 86' lang='lat' dir='ltr'>ab</span> <span class='ocrx_word' id='word_1_337' title='bbox 887 2260 935 2288; x_wconf 91' lang='lat' dir='ltr'>ho-</span> 
     </span>
     <span class='ocr_line' id='line_1_48' title="bbox 198 2303 936 2335; baseline 0.003 -2"><span class='ocrx_word' id='word_1_338' title='bbox 198 2305 300 2333; x_wconf 85' lang='lat' dir='ltr'>minum</span> <span class='ocrx_word' id='word_1_339' title='bbox 319 2303 465 2333; x_wconf 86' lang='lat' dir='ltr'>reverentia</span> <span class='ocrx_word' id='word_1_340' title='bbox 484 2303 615 2332; x_wconf 84' lang='lat' dir='ltr'>vincitur:</span> <span class='ocrx_word' id='word_1_341' title='bbox 634 2304 689 2332; x_wconf 88' lang='lat' dir='ltr'>Deo</span> <span class='ocrx_word' id='word_1_342' title='bbox 715 2311 803 2333; x_wconf 88' lang='lat' dir='ltr'>autem</span> <span class='ocrx_word' id='word_1_343' title='bbox 830 2305 936 2335; x_wconf 79' lang='lat' dir='ltr'>vidente</span> 
     </span>
     <span class='ocr_line' id='line_1_49' title="bbox 197 2347 936 2388; baseline 0.001 -10"><span class='ocrx_word' id='word_1_344' title='bbox 197 2361 249 2378; x_wconf 87' lang='lat' dir='ltr'>non</span> <span class='ocrx_word' id='word_1_345' title='bbox 264 2350 344 2378; x_wconf 86' lang='lat' dir='ltr'>modo</span> <span class='ocrx_word' id='word_1_346' title='bbox 354 2349 379 2378; x_wconf 91' lang='lat' dir='ltr'>in</span> <span class='ocrx_word' id='word_1_347' title='bbox 388 2348 519 2377; x_wconf 82' lang='lat' dir='ltr'>adulteria</span> <span class='ocrx_word' id='word_1_348' title='bbox 532 2355 556 2375; x_wconf 87' lang='lat' dir='ltr'>et</span> <span class='ocrx_word' id='word_1_349' title='bbox 577 2347 603 2375; x_wconf 89' lang='lat' dir='ltr'>in</span> <span class='ocrx_word' id='word_1_350' title='bbox 616 2348 802 2377; x_wconf 81' lang='lat' dir='ltr'>fornicationes</span> <span class='ocrx_word' id='word_1_351' title='bbox 814 2361 936 2388; x_wconf 87' lang='lat' dir='ltr'>prorum-</span> 
     </span>
     <span class='ocr_line' id='line_1_50' title="bbox 197 2394 935 2435; baseline 0.004 -12"><span class='ocrx_word' id='word_1_352' title='bbox 197 2403 273 2435; x_wconf 84' lang='lat' dir='ltr'>punt,</span> <span class='ocrx_word' id='word_1_353' title='bbox 288 2396 334 2424; x_wconf 87' lang='lat' dir='ltr'>sed</span> <span class='ocrx_word' id='word_1_354' title='bbox 359 2402 385 2424; x_wconf 85' lang='lat' dir='ltr'>et</span> <span class='ocrx_word' id='word_1_355' title='bbox 400 2395 452 2423; x_wconf 86' lang='lat' dir='ltr'>alia</span> <span class='ocrx_word' id='word_1_356' title='bbox 476 2394 554 2432; x_wconf 80' lang='lat' dir='ltr'>longe</span> <span class='ocrx_word' id='word_1_357' title='bbox 570 2394 693 2431; x_wconf 81' lang='lat' dir='ltr'>graviora</span> <span class='ocrx_word' id='word_1_358' title='bbox 719 2395 816 2423; x_wconf 86' lang='lat' dir='ltr'>audent</span> <span class='ocrx_word' id='word_1_359' title='bbox 832 2404 857 2424; x_wconf 83' lang='lat' dir='ltr'>et</span> <span class='ocrx_word' id='word_1_360' title='bbox 877 2398 935 2426; x_wconf 81' lang='lat' dir='ltr'>ausi</span> 
     </span>
    </p>
   </div>
   <div class='ocr_carea' id='block_1_5' title="bbox 973 187 1120 208">
    <p class='ocr_par' dir='ltr' id='par_1_5' title="bbox 973 187 1120 208">
     <span class='ocr_line' id='line_1_51' title="bbox 973 187 1120 208; baseline 0 -1"><span class='ocrx_word' id='word_1_361' title='bbox 973 187 1120 208; x_wconf 53' lang='lat' dir='ltr'>moult-11¹.</span> 
     </span>
    </p>
   </div>
   <div class='ocr_carea' id='block_1_6' title="bbox 950 395 967 415">
    <p class='ocr_par' dir='ltr' id='par_1_6' title="bbox 950 395 967 415">
     <span class='ocr_line' id='line_1_52' title="bbox 950 395 967 415; baseline -0.059 0"><span class='ocrx_word' id='word_1_362' title='bbox 950 395 967 415; x_wconf 84' lang='lat' dir='ltr'>l)</span> 
     </span>
    </p>
   </div>
   <div class='ocr_carea' id='block_1_7' title="bbox 943 1269 977 1287">
    <p class='ocr_par' dir='ltr' id='par_1_7' title="bbox 943 1269 977 1287">
     <span class='ocr_line' id='line_1_53' title="bbox 943 1269 977 1287; baseline 0 0"><span class='ocrx_word' id='word_1_363' title='bbox 943 1269 977 1287; x_wconf 76' lang='lat'>101</span> 
     </span>
    </p>
   </div>
   <div class='ocr_carea' id='block_1_8' title="bbox 1151 186 1417 208">
    <p class='ocr_par' dir='ltr' id='par_1_8' title="bbox 1151 186 1417 208">
     <span class='ocr_line' id='line_1_54' title="bbox 1151 186 1417 208; baseline 0 -1"><span class='ocrx_word' id='word_1_364' title='bbox 1151 187 1211 207; x_wconf 63' lang='lat' dir='ltr'><strong>(ION</strong></span> <span class='ocrx_word' id='word_1_365' title='bbox 1219 187 1255 207; x_wconf 64' lang='lat' dir='ltr'>s&#39;t&#39;</span> <span class='ocrx_word' id='word_1_366' title='bbox 1266 186 1275 206; x_wconf 61' lang='grc' dir='ltr'>ἱ</span> <span class='ocrx_word' id='word_1_367' title='bbox 1285 187 1417 208; x_wconf 62' lang='grc' dir='ltr'>λῚΊΝΟΡ.</span> 
     </span>
    </p>
   </div>
   <div class='ocr_carea' id='block_1_9' title="bbox 986 250 1759 2379">
    <p class='ocr_par' dir='ltr' id='par_1_9' title="bbox 986 250 1759 2379">
     <span class='ocr_line' id='line_1_55' title="bbox 987 250 1750 291; baseline -0.003 -11"><span class='ocrx_word' id='word_1_368' title='bbox 987 253 1054 280; x_wconf 82' lang='grc' dir='ltr'>κατὰ</span> <span class='ocrx_word' id='word_1_369' title='bbox 1079 252 1193 291; x_wconf 73' lang='grc' dir='ltr'>Χριστὸν</span> <span class='ocrx_word' id='word_1_370' title='bbox 1208 251 1375 289; x_wconf 68' lang='grc' dir='ltr'>πράγμασιν,</span> <span class='ocrx_word' id='word_1_371' title='bbox 1397 250 1526 285; x_wconf 75' lang='grc' dir='ltr'>“Ἐπειδὴ</span> <span class='ocrx_word' id='word_1_372' title='bbox 1547 251 1597 290; x_wconf 83' lang='grc' dir='ltr'>γὰρ</span> <span class='ocrx_word' id='word_1_373' title='bbox 1613 251 1684 279; x_wconf 81' lang='grc' dir='ltr'>αὐτοὶ</span> <span class='ocrx_word' id='word_1_374' title='bbox 1705 251 1750 287; x_wconf 81' lang='grc' dir='ltr'>μὲν</span> 
     </span>
     <span class='ocr_line' id='line_1_56' title="bbox 987 296 1753 334; baseline -0.001 -9"><span class='ocrx_word' id='word_1_375' title='bbox 987 297 1125 326; x_wconf 77' lang='grc' dir='ltr'>ἐτύπτοντο</span> <span class='ocrx_word' id='word_1_376' title='bbox 1154 296 1198 324; x_wconf 85' lang='grc' dir='ltr'>καὶ</span> <span class='ocrx_word' id='word_1_377' title='bbox 1228 299 1429 334; x_wconf 72' lang='grc' dir='ltr'>κατεφρονοῧντο</span> <span class='ocrx_word' id='word_1_378' title='bbox 1458 296 1503 324; x_wconf 82' lang='grc' dir='ltr'>καὶ</span> <span class='ocrx_word' id='word_1_379' title='bbox 1529 297 1685 333; x_wconf 75' lang='grc' dir='ltr'>ἠτιμάζοντο</span> <span class='ocrx_word' id='word_1_380' title='bbox 1708 296 1753 324; x_wconf 82' lang='grc' dir='ltr'>καὶ</span> 
     </span>
     <span class='ocr_line' id='line_1_57' title="bbox 987 337 1752 379; baseline -0.001 -10"><span class='ocrx_word' id='word_1_381' title='bbox 987 342 1059 369; x_wconf 75' lang='grc' dir='ltr'>οὐδὲν</span> <span class='ocrx_word' id='word_1_382' title='bbox 1083 337 1150 369; x_wconf 67' lang='grc' dir='ltr'>εἶναι</span> <span class='ocrx_word' id='word_1_383' title='bbox 1174 341 1334 378; x_wconf 75' lang='grc' dir='ltr'>ἐνομίζοντο,</span> <span class='ocrx_word' id='word_1_384' title='bbox 1356 343 1447 370; x_wconf 82' lang='grc' dir='ltr'>ἐκεῖνοι</span> <span class='ocrx_word' id='word_1_385' title='bbox 1469 341 1495 370; x_wconf 80' lang='grc' dir='ltr'>δὲ</span> <span class='ocrx_word' id='word_1_386' title='bbox 1519 344 1598 379; x_wconf 74' lang='grc' dir='ltr'>τιμῆς</span> <span class='ocrx_word' id='word_1_387' title='bbox 1613 341 1752 376; x_wconf 76' lang='grc' dir='ltr'>ἀπέλαυον,</span> 
     </span>
     <span class='ocr_line' id='line_1_58' title="bbox 986 386 1753 426; baseline -0.001 -11"><span class='ocrx_word' id='word_1_388' title='bbox 986 388 1030 415; x_wconf 77' lang='grc' dir='ltr'>καί</span> <span class='ocrx_word' id='word_1_389' title='bbox 1041 387 1113 425; x_wconf 65' lang='grc' dir='ltr'>σοφοί</span> <span class='ocrx_word' id='word_1_390' title='bbox 1124 398 1190 418; x_wconf 84' lang='grc' dir='ltr'>τινες</span> <span class='ocrx_word' id='word_1_391' title='bbox 1198 387 1242 414; x_wconf 75' lang='grc' dir='ltr'>καὶ</span> <span class='ocrx_word' id='word_1_392' title='bbox 1254 387 1352 415; x_wconf 79' lang='grc' dir='ltr'>συνετοὶ</span> <span class='ocrx_word' id='word_1_393' title='bbox 1363 387 1436 426; x_wconf 83' lang='grc' dir='ltr'>παρὰ</span> <span class='ocrx_word' id='word_1_394' title='bbox 1445 388 1549 419; x_wconf 84' lang='grc' dir='ltr'>πολλοῖς</span> <span class='ocrx_word' id='word_1_395' title='bbox 1561 386 1753 421; x_wconf 82' lang='grc' dir='ltr'>ὓπωπτεύοντο,</span> 
     </span>
     <span class='ocr_line' id='line_1_59' title="bbox 987 432 1754 470; baseline 0 -10"><span class='ocrx_word' id='word_1_396' title='bbox 987 433 1029 460; x_wconf 80' lang='grc' dir='ltr'>διὰ</span> <span class='ocrx_word' id='word_1_397' title='bbox 1040 435 1115 460; x_wconf 75' lang='grc' dir='ltr'>τοῦτο</span> <span class='ocrx_word' id='word_1_398' title='bbox 1129 433 1211 460; x_wconf 69' lang='grc' dir='ltr'>ταῦτα</span> <span class='ocrx_word' id='word_1_399' title='bbox 1224 444 1301 470; x_wconf 71' lang='grc' dir='ltr'>φησιν</span> <span class='ocrx_word' id='word_1_400' title='bbox 1312 444 1318 450; x_wconf 87' lang='grc'><em>·</em></span> <span class='ocrx_word' id='word_1_401' title='bbox 1334 432 1373 460; x_wconf 79' lang='grc' dir='ltr'>ὅτι</span> <span class='ocrx_word' id='word_1_402' title='bbox 1390 435 1445 465; x_wconf 82' lang='grc' dir='ltr'>πῶς</span> <span class='ocrx_word' id='word_1_403' title='bbox 1465 433 1501 461; x_wconf 83' lang='grc' dir='ltr'>ἔνι</span> <span class='ocrx_word' id='word_1_404' title='bbox 1521 433 1580 465; x_wconf 72' lang='grc' dir='ltr'>τοὺς</span> <span class='ocrx_word' id='word_1_405' title='bbox 1594 433 1626 461; x_wconf 83' lang='grc' dir='ltr'>τὰ</span> <span class='ocrx_word' id='word_1_406' title='bbox 1646 435 1754 460; x_wconf 76' lang='grc' dir='ltr'>τοιαῦτα</span> 
     </span>
     <span class='ocr_line' id='line_1_60' title="bbox 987 473 1754 515; baseline 0 -10"><span class='ocrx_word' id='word_1_407' title='bbox 987 477 1162 515; x_wconf 79' lang='grc' dir='ltr'>κηρύττοντας</span> <span class='ocrx_word' id='word_1_408' title='bbox 1173 500 1179 512; x_wconf 90' lang='grc'>,</span> <span class='ocrx_word' id='word_1_409' title='bbox 1203 478 1245 505; x_wconf 75' lang='grc' dir='ltr'>ἐπὶ</span> <span class='ocrx_word' id='word_1_410' title='bbox 1269 482 1321 510; x_wconf 87' lang='grc' dir='ltr'>τοῖς</span> <span class='ocrx_word' id='word_1_411' title='bbox 1333 478 1458 510; x_wconf 79' lang='grc' dir='ltr'><strong>ἐναντίοις</strong></span> <span class='ocrx_word' id='word_1_412' title='bbox 1472 478 1660 507; x_wconf 73' lang='grc' dir='ltr'>ὑποπτεύεσθαι</span> <span class='ocrx_word' id='word_1_413' title='bbox 1673 473 1754 512; x_wconf 49' lang='lat' dir='ltr'>sivetu</span> 
     </span>
     <span class='ocr_line' id='line_1_61' title="bbox 987 522 1754 562; baseline 0 -12"><span class='ocrx_word' id='word_1_414' title='bbox 987 522 1080 560; x_wconf 81' lang='grc' dir='ltr'>Ἡμεῖς</span> <span class='ocrx_word' id='word_1_415' title='bbox 1095 525 1224 557; x_wconf 75' lang='grc' dir='ltr'>ἀσθενεῖς,</span> <span class='ocrx_word' id='word_1_416' title='bbox 1246 525 1319 560; x_wconf 80' lang='grc' dir='ltr'>ὑμεῖς</span> <span class='ocrx_word' id='word_1_417' title='bbox 1334 523 1360 551; x_wconf 75' lang='grc' dir='ltr'>δὲ</span> <span class='ocrx_word' id='word_1_418' title='bbox 1376 523 1485 562; x_wconf 78' lang='grc' dir='ltr'>ἰσχυροί.</span> <span class='ocrx_word' id='word_1_419' title='bbox 1505 523 1657 558; x_wconf 79' lang='grc' dir='ltr'>Ἱόυτέστιν,</span> <span class='ocrx_word' id='word_1_420' title='bbox 1677 525 1754 560; x_wconf 81' lang='grc' dir='ltr'>ἡμεῖς</span> 
     </span>
     <span class='ocr_line' id='line_1_62' title="bbox 987 568 1754 606; baseline 0 -10"><span class='ocrx_word' id='word_1_421' title='bbox 987 568 1160 606; x_wconf 65' lang='grc' dir='ltr'>ἐλαυνόμεΟα,</span> <span class='ocrx_word' id='word_1_422' title='bbox 1189 568 1350 605; x_wconf 67' lang='grc' dir='ltr'>διωκόμεθα·</span> <span class='ocrx_word' id='word_1_423' title='bbox 1375 571 1448 606; x_wconf 80' lang='grc' dir='ltr'>ὑμεῖς</span> <span class='ocrx_word' id='word_1_424' title='bbox 1469 568 1496 597; x_wconf 76' lang='grc' dir='ltr'>δὲ</span> <span class='ocrx_word' id='word_1_425' title='bbox 1517 568 1603 601; x_wconf 80' lang='grc' dir='ltr'>ἀδείας</span> <span class='ocrx_word' id='word_1_426' title='bbox 1625 568 1754 597; x_wconf 75' lang='grc' dir='ltr'>ἀπολαύε-</span> 
     </span>
     <span class='ocr_line' id='line_1_63' title="bbox 987 614 1752 652; baseline 0 -11"><span class='ocrx_word' id='word_1_427' title='bbox 987 625 1015 641; x_wconf 88' lang='grc' dir='ltr'>τε</span> <span class='ocrx_word' id='word_1_428' title='bbox 1028 614 1072 641; x_wconf 81' lang='grc' dir='ltr'>καί</span> <span class='ocrx_word' id='word_1_429' title='bbox 1085 614 1222 652; x_wconf 79' lang='grc' dir='ltr'>Θεραπείας</span> <span class='ocrx_word' id='word_1_430' title='bbox 1236 614 1344 647; x_wconf 72' lang='grc' dir='ltr'>πολλῆς.</span> <span class='ocrx_word' id='word_1_431' title='bbox 1361 615 1429 642; x_wconf 77' lang='grc' dir='ltr'>Ἀλλ’</span> <span class='ocrx_word' id='word_1_432' title='bbox 1449 615 1494 642; x_wconf 83' lang='grc' dir='ltr'>οὐκ</span> <span class='ocrx_word' id='word_1_433' title='bbox 1512 614 1634 652; x_wconf 72' lang='grc' dir='ltr'>ἀνέχεται</span> <span class='ocrx_word' id='word_1_434' title='bbox 1645 617 1689 642; x_wconf 77' lang='grc' dir='ltr'>τοῦ</span> <span class='ocrx_word' id='word_1_435' title='bbox 1703 624 1752 646; x_wconf 68' lang='grc' dir='ltr'>κη-</span> 
     </span>
     <span class='ocr_line' id='line_1_64' title="bbox 989 659 1752 698; baseline 0 -11"><span class='ocrx_word' id='word_1_436' title='bbox 989 659 1117 697; x_wconf 82' lang='grc' dir='ltr'>ρύγματος</span> <span class='ocrx_word' id='word_1_437' title='bbox 1131 662 1147 693; x_wconf 80' lang='grc' dir='ltr'>ἡ</span> <span class='ocrx_word' id='word_1_438' title='bbox 1164 659 1246 698; x_wconf 73' lang='grc' dir='ltr'>φύσις.</span> <span class='ocrx_word' id='word_1_439' title='bbox 1264 659 1356 696; x_wconf 81' lang='grc' dir='ltr'>Ἡμεῖς</span> <span class='ocrx_word' id='word_1_440' title='bbox 1377 659 1481 696; x_wconf 85' lang='grc' dir='ltr'>ἄτιμοι,</span> <span class='ocrx_word' id='word_1_441' title='bbox 1502 661 1575 697; x_wconf 75' lang='grc' dir='ltr'>ὑμεῖς</span> <span class='ocrx_word' id='word_1_442' title='bbox 1597 659 1623 687; x_wconf 80' lang='grc' dir='ltr'>δὲ</span> <span class='ocrx_word' id='word_1_443' title='bbox 1645 659 1752 692; x_wconf 77' lang='grc' dir='ltr'>ἔνδοξοι.</span> 
     </span>
     <span class='ocr_line' id='line_1_65' title="bbox 987 703 1754 744; baseline -0.001 -11"><span class='ocrx_word' id='word_1_444' title='bbox 987 705 1118 733; x_wconf 74' lang='grc' dir='ltr'>Ἐνταῦθα</span> <span class='ocrx_word' id='word_1_445' title='bbox 1140 704 1204 744; x_wconf 78' lang='grc' dir='ltr'>πρὸς</span> <span class='ocrx_word' id='word_1_446' title='bbox 1227 703 1284 736; x_wconf 70' lang='grc' dir='ltr'>τοὺς</span> <span class='ocrx_word' id='word_1_447' title='bbox 1307 705 1415 742; x_wconf 73' lang='grc' dir='ltr'>εὐγενεῖς</span> <span class='ocrx_word' id='word_1_448' title='bbox 1438 705 1601 733; x_wconf 75' lang='grc' dir='ltr'>ἀποτείνεται</span> <span class='ocrx_word' id='word_1_449' title='bbox 1622 704 1665 732; x_wconf 76' lang='grc' dir='ltr'>καὶ</span> <span class='ocrx_word' id='word_1_450' title='bbox 1687 704 1754 741; x_wconf 78' lang='grc' dir='ltr'>μέγα</span> 
     </span>
     <span class='ocr_line' id='line_1_66' title="bbox 989 749 1755 789; baseline 0 -12"><span class='ocrx_word' id='word_1_451' title='bbox 989 753 1145 789; x_wconf 72' lang='grc' dir='ltr'>φρονοῦντας</span> <span class='ocrx_word' id='word_1_452' title='bbox 1157 749 1200 778; x_wconf 81' lang='grc' dir='ltr'>ἐπὶ</span> <span class='ocrx_word' id='word_1_453' title='bbox 1212 754 1264 781; x_wconf 79' lang='grc' dir='ltr'>τοῖς</span> <span class='ocrx_word' id='word_1_454' title='bbox 1278 749 1378 782; x_wconf 71' lang='grc' dir='ltr'>ἔξωθεν,</span> <span class='ocrx_word' id='word_1_455' title='bbox 1391 749 1467 788; x_wconf 75' lang='grc' dir='ltr'>Ἄχρι</span> <span class='ocrx_word' id='word_1_456' title='bbox 1487 751 1533 784; x_wconf 83' lang='grc' dir='ltr'>τ’ἧς</span> <span class='ocrx_word' id='word_1_457' title='bbox 1551 750 1611 788; x_wconf 82' lang='grc' dir='ltr'>ἄρτι</span> <span class='ocrx_word' id='word_1_458' title='bbox 1629 749 1698 788; x_wconf 82' lang='grc' dir='ltr'>ὥρας</span> <span class='ocrx_word' id='word_1_459' title='bbox 1710 751 1755 778; x_wconf 83' lang='grc' dir='ltr'>καὶ</span> 
     </span>
     <span class='ocr_line' id='line_1_67' title="bbox 988 795 1755 833; baseline 0 -11"><span class='ocrx_word' id='word_1_460' title='bbox 988 797 1118 832; x_wconf 79' lang='grc' dir='ltr'>πεινῶμεν</span> <span class='ocrx_word' id='word_1_461' title='bbox 1134 795 1178 822; x_wconf 82' lang='grc' dir='ltr'>καὶ</span> <span class='ocrx_word' id='word_1_462' title='bbox 1195 795 1321 833; x_wconf 66' lang='grc' dir='ltr'>διψῶμεν,</span> <span class='ocrx_word' id='word_1_463' title='bbox 1334 795 1378 822; x_wconf 80' lang='grc' dir='ltr'>καὶ</span> <span class='ocrx_word' id='word_1_464' title='bbox 1392 795 1596 833; x_wconf 76' lang='grc' dir='ltr'>γυμνητεύομεν,</span> <span class='ocrx_word' id='word_1_465' title='bbox 1613 796 1658 823; x_wconf 80' lang='grc' dir='ltr'>καὶ</span> <span class='ocrx_word' id='word_1_466' title='bbox 1677 795 1755 823; x_wconf 84' lang='grc' dir='ltr'>κολα-</span> 
     </span>
     <span class='ocr_line' id='line_1_68' title="bbox 989 839 1756 878; baseline 0.001 -11"><span class='ocrx_word' id='word_1_467' title='bbox 989 840 1128 878; x_wconf 76' lang='grc' dir='ltr'>φιζόμεθα,</span> <span class='ocrx_word' id='word_1_468' title='bbox 1144 839 1188 867; x_wconf 81' lang='grc' dir='ltr'>καὶ</span> <span class='ocrx_word' id='word_1_469' title='bbox 1206 842 1377 877; x_wconf 74' lang='grc' dir='ltr'>ἀστατοῦμεν,</span> <span class='ocrx_word' id='word_1_470' title='bbox 1400 840 1444 868; x_wconf 79' lang='grc' dir='ltr'>καὶ</span> <span class='ocrx_word' id='word_1_471' title='bbox 1465 841 1598 877; x_wconf 79' lang='grc' dir='ltr'>κοπιῶμεν</span> <span class='ocrx_word' id='word_1_472' title='bbox 1615 839 1756 878; x_wconf 82' lang='grc' dir='ltr'>ἐργαζόμε-</span> 
     </span>
     <span class='ocr_line' id='line_1_69' title="bbox 989 885 1756 924; baseline 0 -11"><span class='ocrx_word' id='word_1_473' title='bbox 989 897 1027 913; x_wconf 91' lang='grc' dir='ltr'>νοι</span> <span class='ocrx_word' id='word_1_474' title='bbox 1040 889 1096 917; x_wconf 85' lang='grc' dir='ltr'>ταῖς</span> <span class='ocrx_word' id='word_1_475' title='bbox 1108 885 1184 917; x_wconf 69' lang='grc' dir='ltr'>ἰδίαις</span> <span class='ocrx_word' id='word_1_476' title='bbox 1195 885 1280 924; x_wconf 74' lang='grc' dir='ltr'>χερσί.</span> <span class='ocrx_word' id='word_1_477' title='bbox 1295 886 1448 921; x_wconf 83' lang='grc' dir='ltr'>Τουτέστιν,</span> <span class='ocrx_word' id='word_1_478' title='bbox 1462 887 1489 914; x_wconf 85' lang='grc' dir='ltr'>οὐ</span> <span class='ocrx_word' id='word_1_479' title='bbox 1501 885 1602 914; x_wconf 80' lang='grc' dir='ltr'>παλαιὰ</span> <span class='ocrx_word' id='word_1_480' title='bbox 1617 886 1756 923; x_wconf 82' lang='grc' dir='ltr'>διηγοῦμαι</span> 
     </span>
     <span class='ocr_line' id='line_1_70' title="bbox 988 931 1757 971; baseline 0.001 -13"><span class='ocrx_word' id='word_1_481' title='bbox 988 931 1149 969; x_wconf 72' lang='grc' dir='ltr'>πράγματα,</span> <span class='ocrx_word' id='word_1_482' title='bbox 1165 932 1223 959; x_wconf 83' lang='grc' dir='ltr'>ἀλλ’</span> <span class='ocrx_word' id='word_1_483' title='bbox 1242 931 1309 970; x_wconf 84' lang='grc' dir='ltr'>ἅπερ</span> <span class='ocrx_word' id='word_1_484' title='bbox 1325 931 1369 959; x_wconf 73' lang='grc' dir='ltr'>καὶ</span> <span class='ocrx_word' id='word_1_485' title='bbox 1384 933 1396 959; x_wconf 80' lang='grc' dir='ltr'>ὑ</span> <span class='ocrx_word' id='word_1_486' title='bbox 1411 931 1501 969; x_wconf 76' lang='grc' dir='ltr'>παρών</span> <span class='ocrx_word' id='word_1_487' title='bbox 1518 943 1562 969; x_wconf 90' lang='grc' dir='ltr'>μοι</span> <span class='ocrx_word' id='word_1_488' title='bbox 1579 931 1668 971; x_wconf 80' lang='grc' dir='ltr'>καιρὸς</span> <span class='ocrx_word' id='word_1_489' title='bbox 1688 942 1757 969; x_wconf 83' lang='grc' dir='ltr'>μαρ-</span> 
     </span>
     <span class='ocr_line' id='line_1_71' title="bbox 987 976 1756 1015; baseline 0.001 -12"><span class='ocrx_word' id='word_1_490' title='bbox 987 981 1068 1015; x_wconf 79' lang='grc' dir='ltr'>τυρεῖ.</span> <span class='ocrx_word' id='word_1_491' title='bbox 1091 978 1152 1005; x_wconf 75' lang='grc' dir='ltr'>Τῶν</span> <span class='ocrx_word' id='word_1_492' title='bbox 1176 976 1228 1015; x_wconf 82' lang='grc' dir='ltr'>γὰρ</span> <span class='ocrx_word' id='word_1_493' title='bbox 1253 977 1422 1015; x_wconf 72' lang='grc' dir='ltr'>ἀνθρωπίνων</span> <span class='ocrx_word' id='word_1_494' title='bbox 1439 979 1502 1013; x_wconf 77' lang='grc' dir='ltr'>ἡμῖν</span> <span class='ocrx_word' id='word_1_495' title='bbox 1516 976 1591 1015; x_wconf 83' lang='grc' dir='ltr'>λόγος</span> <span class='ocrx_word' id='word_1_496' title='bbox 1603 976 1683 1008; x_wconf 78' lang='grc' dir='ltr'>οὐδεὶς</span> <span class='ocrx_word' id='word_1_497' title='bbox 1697 976 1756 1004; x_wconf 75' lang='grc' dir='ltr'>οὐδὲ</span> 
     </span>
     <span class='ocr_line' id='line_1_72' title="bbox 988 1021 1757 1061; baseline 0 -12"><span class='ocrx_word' id='word_1_498' title='bbox 988 1024 1034 1056; x_wconf 78' lang='grc' dir='ltr'>τ’ῆς</span> <span class='ocrx_word' id='word_1_499' title='bbox 1048 1021 1139 1054; x_wconf 75' lang='grc' dir='ltr'>ἔξωθεν</span> <span class='ocrx_word' id='word_1_500' title='bbox 1151 1022 1336 1061; x_wconf 55' lang='grc' dir='ltr'>περιφανείας,</span> <span class='ocrx_word' id='word_1_501' title='bbox 1353 1021 1421 1050; x_wconf 84' lang='grc' dir='ltr'>ἀλλὰ</span> <span class='ocrx_word' id='word_1_502' title='bbox 1436 1022 1499 1060; x_wconf 78' lang='grc' dir='ltr'>πρὸς</span> <span class='ocrx_word' id='word_1_503' title='bbox 1511 1022 1554 1050; x_wconf 83' lang='grc' dir='ltr'>τὸν</span> <span class='ocrx_word' id='word_1_504' title='bbox 1570 1023 1637 1051; x_wconf 86' lang='grc' dir='ltr'>Θεὸν</span> <span class='ocrx_word' id='word_1_505' title='bbox 1654 1023 1757 1060; x_wconf 71' lang='grc' dir='ltr'>ἀφορῶ-</span> 
     </span>
     <span class='ocr_line' id='line_1_73' title="bbox 989 1067 1757 1106; baseline 0 -11"><span class='ocrx_word' id='word_1_506' title='bbox 989 1079 1035 1105; x_wconf 89' lang='grc' dir='ltr'>μεν</span> <span class='ocrx_word' id='word_1_507' title='bbox 1056 1067 1132 1105; x_wconf 88' lang='grc' dir='ltr'>μόνον</span> <span class='ocrx_word' id='word_1_508' title='bbox 1145 1079 1150 1084; x_wconf 92' lang='grc'><em>·</em></span> <span class='ocrx_word' id='word_1_509' title='bbox 1164 1068 1177 1096; x_wconf 84' lang='grc' dir='ltr'>ὃ</span> <span class='ocrx_word' id='word_1_510' title='bbox 1190 1067 1220 1101; x_wconf 73' lang='grc' dir='ltr'>δὴ</span> <span class='ocrx_word' id='word_1_511' title='bbox 1240 1068 1284 1095; x_wconf 84' lang='grc' dir='ltr'>καὶ</span> <span class='ocrx_word' id='word_1_512' title='bbox 1301 1070 1372 1105; x_wconf 73' lang='grc' dir='ltr'>ἡμᾶς</span> <span class='ocrx_word' id='word_1_513' title='bbox 1392 1068 1517 1106; x_wconf 82' lang='grc' dir='ltr'>πράττειν</span> <span class='ocrx_word' id='word_1_514' title='bbox 1527 1070 1664 1106; x_wconf 74' lang='grc' dir='ltr'>πανταχοῦ</span> <span class='ocrx_word' id='word_1_515' title='bbox 1675 1069 1757 1105; x_wconf 84' lang='grc' dir='ltr'>ἀναγ-</span> 
     </span>
     <span class='ocr_line' id='line_1_74' title="bbox 988 1112 1756 1151; baseline -0.001 -10"><span class='ocrx_word' id='word_1_516' title='bbox 988 1117 1071 1141; x_wconf 81' lang='grc' dir='ltr'>καῖον.</span> <span class='ocrx_word' id='word_1_517' title='bbox 1085 1115 1124 1141; x_wconf 77' lang='grc' dir='ltr'>Οὐ</span> <span class='ocrx_word' id='word_1_518' title='bbox 1136 1112 1186 1151; x_wconf 76' lang='grc' dir='ltr'>γὰρ</span> <span class='ocrx_word' id='word_1_519' title='bbox 1206 1113 1236 1147; x_wconf 78' lang='grc' dir='ltr'>δὴ</span> <span class='ocrx_word' id='word_1_520' title='bbox 1257 1113 1363 1151; x_wconf 78' lang='grc' dir='ltr'>ἄγγελοι</span> <span class='ocrx_word' id='word_1_521' title='bbox 1384 1115 1507 1151; x_wconf 75' lang='grc' dir='ltr'>Θεωροῧσι</span> <span class='ocrx_word' id='word_1_522' title='bbox 1528 1112 1615 1150; x_wconf 85' lang='grc' dir='ltr'>μόνον,</span> <span class='ocrx_word' id='word_1_523' title='bbox 1630 1112 1698 1140; x_wconf 78' lang='grc' dir='ltr'>ἀλλὰ</span> <span class='ocrx_word' id='word_1_524' title='bbox 1711 1112 1756 1140; x_wconf 82' lang='grc' dir='ltr'>καὶ</span> 
     </span>
     <span class='ocr_line' id='line_1_75' title="bbox 987 1156 1756 1197; baseline -0.001 -11"><span class='ocrx_word' id='word_1_525' title='bbox 987 1158 1038 1197; x_wconf 78' lang='grc' dir='ltr'>πρὸ</span> <span class='ocrx_word' id='word_1_526' title='bbox 1051 1158 1153 1186; x_wconf 80' lang='grc' dir='ltr'>ἐκείνων</span> <span class='ocrx_word' id='word_1_527' title='bbox 1166 1161 1178 1186; x_wconf 84' lang='grc' dir='ltr'>ὁ</span> <span class='ocrx_word' id='word_1_528' title='bbox 1194 1158 1363 1195; x_wconf 74' lang='grc' dir='ltr'>ἀγωνοθέτης.</span> <span class='ocrx_word' id='word_1_529' title='bbox 1375 1157 1421 1192; x_wconf 84' lang='grc' dir='ltr'>Μὴ</span> <span class='ocrx_word' id='word_1_530' title='bbox 1437 1157 1521 1185; x_wconf 84' lang='grc' dir='ltr'>τοίνυν</span> <span class='ocrx_word' id='word_1_531' title='bbox 1535 1157 1629 1195; x_wconf 82' lang='grc' dir='ltr'>ἑτέρων</span> <span class='ocrx_word' id='word_1_532' title='bbox 1646 1156 1756 1194; x_wconf 82' lang='grc' dir='ltr'>δεόμεθα</span> 
     </span>
     <span class='ocr_line' id='line_1_76' title="bbox 988 1202 1756 1242; baseline -0.003 -10"><span class='ocrx_word' id='word_1_533' title='bbox 988 1205 1141 1232; x_wconf 80' lang='grc' dir='ltr'>ἐπαινετῶν.</span> <span class='ocrx_word' id='word_1_534' title='bbox 1156 1205 1241 1232; x_wconf 75' lang='grc' dir='ltr'>Τοῦτο</span> <span class='ocrx_word' id='word_1_535' title='bbox 1257 1203 1307 1242; x_wconf 75' lang='grc' dir='ltr'>γὰρ</span> <span class='ocrx_word' id='word_1_536' title='bbox 1324 1203 1419 1231; x_wconf 81' lang='grc' dir='ltr'>ἐκεῖνόν</span> <span class='ocrx_word' id='word_1_537' title='bbox 1432 1205 1501 1231; x_wconf 84' lang='grc' dir='ltr'>ἐστιν</span> <span class='ocrx_word' id='word_1_538' title='bbox 1513 1202 1632 1242; x_wconf 66' lang='grc' dir='ltr'>ὑδρίσαι,</span> <span class='ocrx_word' id='word_1_539' title='bbox 1645 1202 1706 1231; x_wconf 77' lang='grc' dir='ltr'>ὅταν</span> <span class='ocrx_word' id='word_1_540' title='bbox 1721 1204 1756 1235; x_wconf 84' lang='grc' dir='ltr'>ὡς</span> 
     </span>
     <span class='ocr_line' id='line_1_77' title="bbox 988 1248 1756 1288; baseline -0.001 -11"><span class='ocrx_word' id='word_1_541' title='bbox 988 1251 1034 1278; x_wconf 79' lang='grc' dir='ltr'>οὐκ</span> <span class='ocrx_word' id='word_1_542' title='bbox 1049 1250 1178 1288; x_wconf 81' lang='grc' dir='ltr'>ἀρκοῦντα</span> <span class='ocrx_word' id='word_1_543' title='bbox 1197 1249 1261 1287; x_wconf 71' lang='grc' dir='ltr'>πρὸς</span> <span class='ocrx_word' id='word_1_544' title='bbox 1277 1249 1307 1277; x_wconf 67' lang='grc' dir='ltr'>τὸ</span> <span class='ocrx_word' id='word_1_545' title='bbox 1322 1249 1456 1286; x_wconf 75' lang='grc' dir='ltr'>Θαυμάσαι</span> <span class='ocrx_word' id='word_1_546' title='bbox 1469 1249 1694 1287; x_wconf 67' lang='grc' dir='ltr'>παρατρέχοντες,</span> <span class='ocrx_word' id='word_1_547' title='bbox 1712 1248 1756 1276; x_wconf 77' lang='grc' dir='ltr'>ἐπὶ</span> 
     </span>
     <span class='ocr_line' id='line_1_78' title="bbox 989 1293 1758 1333; baseline 0 -11"><span class='ocrx_word' id='word_1_548' title='bbox 989 1295 1047 1328; x_wconf 68' lang='grc' dir='ltr'>τοὺς</span> <span class='ocrx_word' id='word_1_549' title='bbox 1062 1295 1215 1326; x_wconf 75' lang='grc' dir='ltr'>συνδούλους</span> <span class='ocrx_word' id='word_1_550' title='bbox 1232 1294 1396 1329; x_wconf 76' lang='grc' dir='ltr'>σπεύδωμεν.</span> <span class='ocrx_word' id='word_1_551' title='bbox 1420 1294 1547 1333; x_wconf 72' lang='grc' dir='ltr'>Καθάπερ</span> <span class='ocrx_word' id='word_1_552' title='bbox 1561 1293 1611 1333; x_wconf 83' lang='grc' dir='ltr'>γὰρ</span> <span class='ocrx_word' id='word_1_553' title='bbox 1626 1297 1649 1323; x_wconf 83' lang='grc' dir='ltr'>οἱ</span> <span class='ocrx_word' id='word_1_554' title='bbox 1665 1295 1691 1322; x_wconf 84' lang='grc' dir='ltr'>ἐν</span> <span class='ocrx_word' id='word_1_555' title='bbox 1712 1306 1758 1331; x_wconf 92' lang='grc' dir='ltr'>μι-</span> 
     </span>
     <span class='ocr_line' id='line_1_79' title="bbox 990 1339 1758 1380; baseline 0.001 -12"><span class='ocrx_word' id='word_1_556' title='bbox 990 1343 1044 1380; x_wconf 79' lang='grc' dir='ltr'>κρῷ</span> <span class='ocrx_word' id='word_1_557' title='bbox 1056 1341 1156 1380; x_wconf 75' lang='grc' dir='ltr'>Θεοίτρῳ</span> <span class='ocrx_word' id='word_1_558' title='bbox 1169 1341 1351 1379; x_wconf 81' lang='grc' dir='ltr'>ἀγωνιζόμενοι</span> <span class='ocrx_word' id='word_1_559' title='bbox 1366 1341 1434 1378; x_wconf 79' lang='grc' dir='ltr'>μέγα</span> <span class='ocrx_word' id='word_1_560' title='bbox 1444 1342 1574 1376; x_wconf 72' lang='grc' dir='ltr'>ζητοῦσιν,</span> <span class='ocrx_word' id='word_1_561' title='bbox 1589 1342 1624 1372; x_wconf 86' lang='grc' dir='ltr'>ὡς</span> <span class='ocrx_word' id='word_1_562' title='bbox 1634 1342 1680 1369; x_wconf 84' lang='grc' dir='ltr'>οὒκ</span> <span class='ocrx_word' id='word_1_563' title='bbox 1694 1339 1758 1378; x_wconf 77' lang='grc' dir='ltr'>ιὀἱρ-</span> 
     </span>
     <span class='ocr_line' id='line_1_80' title="bbox 991 1385 1757 1425; baseline -0.001 -11"><span class='ocrx_word' id='word_1_564' title='bbox 991 1389 1096 1418; x_wconf 78' lang='grc' dir='ltr'>κοῧντος</span> <span class='ocrx_word' id='word_1_565' title='bbox 1110 1388 1195 1419; x_wconf 79' lang='grc' dir='ltr'>αὐτοῖς</span> <span class='ocrx_word' id='word_1_566' title='bbox 1207 1387 1270 1425; x_wconf 70' lang='grc' dir='ltr'>πρὸς</span> <span class='ocrx_word' id='word_1_567' title='bbox 1283 1386 1403 1419; x_wconf 69' lang='grc' dir='ltr'>ἐπίδειξιν</span> <span class='ocrx_word' id='word_1_568' title='bbox 1419 1386 1516 1415; x_wconf 77' lang='grc' dir='ltr'>ἐκείνου</span> <span class='ocrx_word' id='word_1_569' title='bbox 1528 1397 1534 1403; x_wconf 92' lang='grc'><em>·</em></span> <span class='ocrx_word' id='word_1_570' title='bbox 1551 1385 1617 1414; x_wconf 77' lang='grc' dir='ltr'>οὕτω</span> <span class='ocrx_word' id='word_1_571' title='bbox 1631 1386 1676 1414; x_wconf 82' lang='grc' dir='ltr'>καὶ</span> <span class='ocrx_word' id='word_1_572' title='bbox 1693 1388 1717 1414; x_wconf 84' lang='grc' dir='ltr'>οἱ</span> <span class='ocrx_word' id='word_1_573' title='bbox 1731 1388 1757 1415; x_wconf 79' lang='grc' dir='ltr'>ἐν</span> 
     </span>
     <span class='ocr_line' id='line_1_81' title="bbox 991 1427 1757 1470; baseline 0 -11"><span class='ocrx_word' id='word_1_574' title='bbox 991 1433 1132 1470; x_wconf 60' lang='grc' dir='ltr'>ὀφθαλμοῖς</span> <span class='ocrx_word' id='word_1_575' title='bbox 1154 1434 1199 1459; x_wconf 73' lang='grc' dir='ltr'>τοῦ</span> <span class='ocrx_word' id='word_1_576' title='bbox 1223 1434 1293 1459; x_wconf 75' lang='grc' dir='ltr'>Θεοῦ</span> <span class='ocrx_word' id='word_1_577' title='bbox 1318 1431 1522 1469; x_wconf 82' lang='grc' dir='ltr'>ἀγωνιζόμενοι,</span> <span class='ocrx_word' id='word_1_578' title='bbox 1546 1427 1602 1459; x_wconf 74' lang='grc' dir='ltr'>εἶτα</span> <span class='ocrx_word' id='word_1_579' title='bbox 1618 1431 1665 1466; x_wconf 75' lang='grc' dir='ltr'>τὴν</span> <span class='ocrx_word' id='word_1_580' title='bbox 1684 1431 1757 1469; x_wconf 71' lang='grc' dir='ltr'>παρὰ</span> 
     </span>
     <span class='ocr_line' id='line_1_82' title="bbox 991 1476 1757 1518; baseline -0.001 -13"><span class='ocrx_word' id='word_1_581' title='bbox 991 1477 1136 1516; x_wconf 72' lang='grc' dir='ltr'>ἀνθρώποις</span> <span class='ocrx_word' id='word_1_582' title='bbox 1151 1479 1286 1512; x_wconf 74' lang='grc' dir='ltr'>ζητοῦντες</span> <span class='ocrx_word' id='word_1_583' title='bbox 1307 1476 1446 1518; x_wconf 70' lang='grc' dir='ltr'>εὐφημίαν,</span> <span class='ocrx_word' id='word_1_584' title='bbox 1465 1476 1513 1511; x_wconf 79' lang='grc' dir='ltr'>τὴν</span> <span class='ocrx_word' id='word_1_585' title='bbox 1529 1476 1633 1514; x_wconf 73' lang='grc' dir='ltr'>μείζονα</span> <span class='ocrx_word' id='word_1_586' title='bbox 1650 1476 1757 1515; x_wconf 74' lang='grc' dir='ltr'>ἀφέντες</span> 
     </span>
     <span class='ocr_line' id='line_1_83' title="bbox 991 1522 1756 1561; baseline 0 -10"><span class='ocrx_word' id='word_1_587' title='bbox 991 1523 1035 1551; x_wconf 79' lang='grc' dir='ltr'>καὶ</span> <span class='ocrx_word' id='word_1_588' title='bbox 1058 1525 1104 1557; x_wconf 76' lang='grc' dir='ltr'>τῆς</span> <span class='ocrx_word' id='word_1_589' title='bbox 1124 1523 1258 1554; x_wconf 76' lang='grc' dir='ltr'>ἐλάττονος</span> <span class='ocrx_word' id='word_1_590' title='bbox 1282 1522 1430 1561; x_wconf 73' lang='grc' dir='ltr'>ἐφιέμενοι,</span> <span class='ocrx_word' id='word_1_591' title='bbox 1453 1523 1568 1560; x_wconf 80' lang='grc' dir='ltr'>μεγάλην</span> <span class='ocrx_word' id='word_1_592' title='bbox 1582 1523 1682 1554; x_wconf 82' lang='grc' dir='ltr'>ἑαυτοῖς</span> <span class='ocrx_word' id='word_1_593' title='bbox 1697 1525 1756 1551; x_wconf 82' lang='grc' dir='ltr'>ἐπι-</span> 
     </span>
     <span class='ocr_line' id='line_1_84' title="bbox 991 1567 1757 1606; baseline -0.001 -10"><span class='ocrx_word' id='word_1_594' title='bbox 991 1570 1109 1596; x_wconf 79' lang='grc' dir='ltr'>σπῶνται</span> <span class='ocrx_word' id='word_1_595' title='bbox 1129 1568 1245 1596; x_wconf 83' lang='grc' dir='ltr'>κόλασιν.</span> <span class='ocrx_word' id='word_1_596' title='bbox 1261 1569 1417 1606; x_wconf 69' lang='grc' dir='ltr'>Τοῦτο-(οὖν</span> <span class='ocrx_word' id='word_1_597' title='bbox 1439 1569 1492 1596; x_wconf 79' lang='grc' dir='ltr'>ἄνω</span> <span class='ocrx_word' id='word_1_598' title='bbox 1515 1568 1560 1596; x_wconf 84' lang='grc' dir='ltr'>καὶ</span> <span class='ocrx_word' id='word_1_599' title='bbox 1583 1567 1655 1596; x_wconf 76' lang='grc' dir='ltr'>κάτω</span> <span class='ocrx_word' id='word_1_600' title='bbox 1670 1568 1757 1597; x_wconf 84' lang='grc' dir='ltr'>πάντα</span> 
     </span>
     <span class='ocr_line' id='line_1_85' title="bbox 991 1613 1757 1653; baseline -0.003 -11"><span class='ocrx_word' id='word_1_601' title='bbox 991 1613 1132 1648; x_wconf 81' lang='grc' dir='ltr'>πεποίηκε,</span> <span class='ocrx_word' id='word_1_602' title='bbox 1143 1617 1220 1642; x_wconf 76' lang='grc' dir='ltr'>τοῦτο</span> <span class='ocrx_word' id='word_1_603' title='bbox 1235 1613 1390 1653; x_wconf 77' lang='grc' dir='ltr'>συνετάραξε</span> <span class='ocrx_word' id='word_1_604' title='bbox 1411 1613 1458 1648; x_wconf 84' lang='grc' dir='ltr'>τὴν</span> <span class='ocrx_word' id='word_1_605' title='bbox 1475 1613 1627 1651; x_wconf 78' lang='grc' dir='ltr'>οἰκουμένην</span> <span class='ocrx_word' id='word_1_606' title='bbox 1643 1614 1757 1649; x_wconf 83' lang='grc' dir='ltr'>ἅπασαν,</span> 
     </span>
     <span class='ocr_line' id='line_1_86' title="bbox 991 1658 1757 1698; baseline 0.001 -12"><span class='ocrx_word' id='word_1_607' title='bbox 991 1658 1031 1686; x_wconf 77' lang='grc' dir='ltr'>ὅτι</span> <span class='ocrx_word' id='word_1_608' title='bbox 1049 1658 1113 1697; x_wconf 83' lang='grc' dir='ltr'>πρὸς</span> <span class='ocrx_word' id='word_1_609' title='bbox 1133 1658 1283 1698; x_wconf 72' lang='grc' dir='ltr'>ἀνθρώπους</span> <span class='ocrx_word' id='word_1_610' title='bbox 1307 1659 1444 1696; x_wconf 81' lang='grc' dir='ltr'>βλέποντες</span> <span class='ocrx_word' id='word_1_611' title='bbox 1466 1659 1570 1687; x_wconf 88' lang='grc' dir='ltr'>ἅπαντα</span> <span class='ocrx_word' id='word_1_612' title='bbox 1596 1659 1757 1697; x_wconf 83' lang='grc' dir='ltr'>πράττομεν,</span> 
     </span>
     <span class='ocr_line' id='line_1_87' title="bbox 991 1703 1757 1742; baseline 0 -11"><span class='ocrx_word' id='word_1_613' title='bbox 991 1705 1039 1732; x_wconf 75' lang='grc' dir='ltr'>κάν</span> <span class='ocrx_word' id='word_1_614' title='bbox 1056 1708 1108 1737; x_wconf 84' lang='grc' dir='ltr'>τοῖς</span> <span class='ocrx_word' id='word_1_615' title='bbox 1124 1705 1229 1742; x_wconf 71' lang='grc' dir='ltr'>ἀγαθοῖς</span> <span class='ocrx_word' id='word_1_616' title='bbox 1243 1704 1314 1732; x_wconf 73' lang='grc' dir='ltr'>οὐδὲν</span> <span class='ocrx_word' id='word_1_617' title='bbox 1329 1704 1462 1742; x_wconf 79' lang='grc' dir='ltr'>ἡγούμεθα</span> <span class='ocrx_word' id='word_1_618' title='bbox 1480 1705 1510 1733; x_wconf 88' lang='grc' dir='ltr'>τὸ</span> <span class='ocrx_word' id='word_1_619' title='bbox 1536 1704 1580 1733; x_wconf 83' lang='grc' dir='ltr'>τὸν</span> <span class='ocrx_word' id='word_1_620' title='bbox 1597 1704 1664 1733; x_wconf 83' lang='grc' dir='ltr'>Θεὸν</span> <span class='ocrx_word' id='word_1_621' title='bbox 1688 1703 1757 1742; x_wconf 77' lang='grc' dir='ltr'>ἔχειν</span> 
     </span>
     <span class='ocr_line' id='line_1_88' title="bbox 991 1748 1757 1787; baseline -0.003 -9"><span class='ocrx_word' id='word_1_622' title='bbox 991 1749 1152 1787; x_wconf 80' lang='grc' dir='ltr'>θαυμαστὴν,</span> <span class='ocrx_word' id='word_1_623' title='bbox 1167 1750 1225 1778; x_wconf 84' lang='grc' dir='ltr'>ἀλλ’</span> <span class='ocrx_word' id='word_1_624' title='bbox 1241 1750 1413 1786; x_wconf 78' lang='grc' dir='ltr'>ἐπιζητοῦμεν</span> <span class='ocrx_word' id='word_1_625' title='bbox 1428 1749 1474 1784; x_wconf 73' lang='grc' dir='ltr'>τὴν</span> <span class='ocrx_word' id='word_1_626' title='bbox 1487 1748 1561 1787; x_wconf 82' lang='grc' dir='ltr'>παρὰ</span> <span class='ocrx_word' id='word_1_627' title='bbox 1572 1754 1624 1781; x_wconf 89' lang='grc' dir='ltr'>τοῖς</span> <span class='ocrx_word' id='word_1_628' title='bbox 1643 1748 1757 1787; x_wconf 77' lang='grc' dir='ltr'>ὁμοδού-</span> 
     </span>
     <span class='ocr_line' id='line_1_89' title="bbox 990 1793 1757 1832; baseline -0.001 -9"><span class='ocrx_word' id='word_1_629' title='bbox 990 1796 1043 1827; x_wconf 82' lang='grc' dir='ltr'>λοις</span> <span class='ocrx_word' id='word_1_630' title='bbox 1054 1794 1233 1832; x_wconf 77' lang='grc' dir='ltr'>εὐδοκίμησιν,</span> <span class='ocrx_word' id='word_1_631' title='bbox 1251 1793 1299 1822; x_wconf 79' lang='grc' dir='ltr'>κᾶν</span> <span class='ocrx_word' id='word_1_632' title='bbox 1317 1798 1369 1826; x_wconf 87' lang='grc' dir='ltr'>τοῖς</span> <span class='ocrx_word' id='word_1_633' title='bbox 1384 1794 1509 1826; x_wconf 80' lang='grc' dir='ltr'>ἐναντίοις</span> <span class='ocrx_word' id='word_1_634' title='bbox 1523 1794 1602 1822; x_wconf 78' lang='grc' dir='ltr'>πάλιν</span> <span class='ocrx_word' id='word_1_635' title='bbox 1618 1795 1695 1824; x_wconf 77' lang='grc' dir='ltr'>αὔτοῧ</span> <span class='ocrx_word' id='word_1_636' title='bbox 1709 1805 1757 1822; x_wconf 84' lang='grc' dir='ltr'>κα-</span> 
     </span>
     <span class='ocr_line' id='line_1_90' title="bbox 990 1838 1756 1879; baseline -0.001 -11"><span class='ocrx_word' id='word_1_637' title='bbox 990 1840 1198 1879; x_wconf 68' lang='grc' dir='ltr'>ταφρονήσαντες</span> <span class='ocrx_word' id='word_1_638' title='bbox 1208 1861 1214 1873; x_wconf 92' lang='grc'>,</span> <span class='ocrx_word' id='word_1_639' title='bbox 1244 1839 1394 1878; x_wconf 75' lang='grc' dir='ltr'>ἀνθρώπους</span> <span class='ocrx_word' id='word_1_640' title='bbox 1422 1839 1582 1876; x_wconf 79' lang='grc' dir='ltr'>δεδοίκαμεν.</span> <span class='ocrx_word' id='word_1_641' title='bbox 1607 1838 1700 1868; x_wconf 84' lang='grc' dir='ltr'>Καίτοι</span> <span class='ocrx_word' id='word_1_642' title='bbox 1725 1851 1756 1877; x_wconf 90' lang='grc' dir='ltr'>γε</span> 
     </span>
     <span class='ocr_line' id='line_1_91' title="bbox 990 1884 1755 1923; baseline -0.001 -10"><span class='ocrx_word' id='word_1_643' title='bbox 990 1885 1063 1914; x_wconf 78' lang='grc' dir='ltr'>αὐτοὶ</span> <span class='ocrx_word' id='word_1_644' title='bbox 1078 1885 1134 1923; x_wconf 75' lang='grc' dir='ltr'>μεθ’</span> <span class='ocrx_word' id='word_1_645' title='bbox 1145 1887 1219 1921; x_wconf 82' lang='grc' dir='ltr'>ἡμῶν</span> <span class='ocrx_word' id='word_1_646' title='bbox 1236 1884 1376 1918; x_wconf 80' lang='grc' dir='ltr'>στήσονται</span> <span class='ocrx_word' id='word_1_647' title='bbox 1396 1884 1439 1913; x_wconf 75' lang='grc' dir='ltr'>ἐπὶ</span> <span class='ocrx_word' id='word_1_648' title='bbox 1453 1887 1497 1913; x_wconf 78' lang='grc' dir='ltr'>τοῦ</span> <span class='ocrx_word' id='word_1_649' title='bbox 1511 1884 1628 1922; x_wconf 79' lang='grc' dir='ltr'>βήματος</span> <span class='ocrx_word' id='word_1_650' title='bbox 1641 1884 1738 1912; x_wconf 83' lang='grc' dir='ltr'>ἐκείνου</span> <span class='ocrx_word' id='word_1_651' title='bbox 1747 1906 1755 1919; x_wconf 91' lang='grc'>,</span> 
     </span>
     <span class='ocr_line' id='line_1_92' title="bbox 990 1925 1756 1968; baseline -0.001 -9"><span class='ocrx_word' id='word_1_652' title='bbox 990 1931 1060 1960; x_wconf 78' lang='grc' dir='ltr'>οὐδὲν</span> <span class='ocrx_word' id='word_1_653' title='bbox 1073 1933 1142 1968; x_wconf 74' lang='grc' dir='ltr'>ἡμᾶς</span> <span class='ocrx_word' id='word_1_654' title='bbox 1157 1931 1329 1968; x_wconf 64' lang='grc' dir='ltr'>ὠφελοῦντες·</span> <span class='ocrx_word' id='word_1_655' title='bbox 1343 1932 1356 1958; x_wconf 86' lang='grc' dir='ltr'>ὁ</span> <span class='ocrx_word' id='word_1_656' title='bbox 1368 1930 1394 1958; x_wconf 81' lang='grc' dir='ltr'>δὲ</span> <span class='ocrx_word' id='word_1_657' title='bbox 1406 1930 1486 1965; x_wconf 74' lang='grc' dir='ltr'>Θεὸς,</span> <span class='ocrx_word' id='word_1_658' title='bbox 1499 1925 1528 1958; x_wconf 66' lang='grc' dir='ltr'>οἷ</span> <span class='ocrx_word' id='word_1_659' title='bbox 1544 1934 1756 1968; x_wconf 73' lang='grc' dir='ltr'>καταφρονοῦμεν</span> 
     </span>
     <span class='ocr_line' id='line_1_93' title="bbox 990 1975 1757 2014; baseline -0.003 -9"><span class='ocrx_word' id='word_1_660' title='bbox 990 1980 1042 2011; x_wconf 77' lang='grc' dir='ltr'>νῦν,</span> <span class='ocrx_word' id='word_1_661' title='bbox 1069 1977 1145 2009; x_wconf 79' lang='grc' dir='ltr'>αὐτὸς</span> <span class='ocrx_word' id='word_1_662' title='bbox 1167 1976 1230 2004; x_wconf 76' lang='grc' dir='ltr'>οἴσει</span> <span class='ocrx_word' id='word_1_663' title='bbox 1251 1976 1299 2010; x_wconf 76' lang='grc' dir='ltr'>τὴν</span> <span class='ocrx_word' id='word_1_664' title='bbox 1313 1977 1398 2014; x_wconf 69' lang='grc' dir='ltr'>ψῆφον</span> <span class='ocrx_word' id='word_1_665' title='bbox 1420 1977 1495 2012; x_wconf 81' lang='grc' dir='ltr'>ἡμῖν.</span> <span class='ocrx_word' id='word_1_666' title='bbox 1523 1975 1590 2003; x_wconf 76' lang='grc' dir='ltr'>Ἀλλ’</span> <span class='ocrx_word' id='word_1_667' title='bbox 1611 1975 1698 2013; x_wconf 77' lang='grc' dir='ltr'>ὅμως,</span> <span class='ocrx_word' id='word_1_668' title='bbox 1712 1975 1757 2003; x_wconf 78' lang='grc' dir='ltr'>καὶ</span> 
     </span>
     <span class='ocr_line' id='line_1_94' title="bbox 990 2020 1758 2060; baseline -0.003 -9"><span class='ocrx_word' id='word_1_669' title='bbox 990 2026 1072 2051; x_wconf 76' lang='grc' dir='ltr'>ταῦτα</span> <span class='ocrx_word' id='word_1_670' title='bbox 1088 2022 1196 2057; x_wconf 82' lang='grc' dir='ltr'>εἰδότες,</span> <span class='ocrx_word' id='word_1_671' title='bbox 1213 2020 1277 2060; x_wconf 85' lang='grc' dir='ltr'>πρὸς</span> <span class='ocrx_word' id='word_1_672' title='bbox 1289 2020 1440 2060; x_wconf 80' lang='grc' dir='ltr'>ἀνθρώπους</span> <span class='ocrx_word' id='word_1_673' title='bbox 1461 2021 1498 2049; x_wconf 84' lang='grc' dir='ltr'>ἔτι</span> <span class='ocrx_word' id='word_1_674' title='bbox 1519 2021 1678 2059; x_wconf 77' lang='grc' dir='ltr'>κεχήναμεν,</span> <span class='ocrx_word' id='word_1_675' title='bbox 1693 2021 1758 2059; x_wconf 83' lang='grc' dir='ltr'>ὅπερ</span> 
     </span>
     <span class='ocr_line' id='line_1_95' title="bbox 991 2066 1757 2106; baseline -0.003 -10"><span class='ocrx_word' id='word_1_676' title='bbox 991 2068 1059 2097; x_wconf 81' lang='grc' dir='ltr'>ἐστὶν</span> <span class='ocrx_word' id='word_1_677' title='bbox 1072 2067 1217 2106; x_wconf 79' lang='grc' dir='ltr'>ἁμάρτημα</span> <span class='ocrx_word' id='word_1_678' title='bbox 1232 2068 1344 2105; x_wconf 73' lang='grc' dir='ltr'>πρῶτον.</span> <span class='ocrx_word' id='word_1_679' title='bbox 1358 2066 1410 2094; x_wconf 84' lang='grc' dir='ltr'>Καὶ</span> <span class='ocrx_word' id='word_1_680' title='bbox 1425 2066 1561 2104; x_wconf 80' lang='grc' dir='ltr'>ἀνθρώπου</span> <span class='ocrx_word' id='word_1_681' title='bbox 1577 2066 1623 2104; x_wconf 86' lang='grc' dir='ltr'>μὲν</span> <span class='ocrx_word' id='word_1_682' title='bbox 1638 2067 1757 2105; x_wconf 80' lang='grc' dir='ltr'>ὁρῶντος,</span> 
     </span>
     <span class='ocr_line' id='line_1_96' title="bbox 991 2111 1759 2150; baseline -0.003 -8"><span class='ocrx_word' id='word_1_683' title='bbox 991 2115 1037 2142; x_wconf 82' lang='grc' dir='ltr'>οὐκ</span> <span class='ocrx_word' id='word_1_684' title='bbox 1052 2113 1082 2141; x_wconf 82' lang='grc' dir='ltr'>ἄν</span> <span class='ocrx_word' id='word_1_685' title='bbox 1099 2125 1137 2145; x_wconf 86' lang='grc' dir='ltr'>τις</span> <span class='ocrx_word' id='word_1_686' title='bbox 1155 2112 1240 2140; x_wconf 75' lang='grc' dir='ltr'>ἕλοιτο</span> <span class='ocrx_word' id='word_1_687' title='bbox 1254 2111 1395 2150; x_wconf 73' lang='grc' dir='ltr'>πορνεύειν,</span> <span class='ocrx_word' id='word_1_688' title='bbox 1408 2111 1476 2140; x_wconf 87' lang='grc' dir='ltr'>ἀλλὰ</span> <span class='ocrx_word' id='word_1_689' title='bbox 1491 2111 1539 2139; x_wconf 80' lang='grc' dir='ltr'>κᾶν</span> <span class='ocrx_word' id='word_1_690' title='bbox 1557 2112 1679 2149; x_wconf 83' lang='grc' dir='ltr'>μυριάκις</span> <span class='ocrx_word' id='word_1_691' title='bbox 1692 2112 1759 2150; x_wconf 77' lang='grc' dir='ltr'>φλέ-</span> 
     </span>
     <span class='ocr_line' id='line_1_97' title="bbox 990 2157 1758 2198; baseline -0.004 -10"><span class='ocrx_word' id='word_1_692' title='bbox 990 2171 1068 2198; x_wconf 87' lang='grc' dir='ltr'>γηται</span> <span class='ocrx_word' id='word_1_693' title='bbox 1082 2160 1119 2197; x_wconf 77' lang='grc' dir='ltr'>τῷ</span> <span class='ocrx_word' id='word_1_694' title='bbox 1134 2160 1208 2196; x_wconf 79' lang='grc' dir='ltr'>κακῷ</span> <span class='ocrx_word' id='word_1_695' title='bbox 1219 2179 1226 2191; x_wconf 94' lang='grc'>,</span> <span class='ocrx_word' id='word_1_696' title='bbox 1240 2162 1346 2185; x_wconf 77' lang='grc' dir='ltr'>νικᾶται</span> <span class='ocrx_word' id='word_1_697' title='bbox 1365 2160 1409 2185; x_wconf 73' lang='grc' dir='ltr'>τοῦ</span> <span class='ocrx_word' id='word_1_698' title='bbox 1423 2157 1519 2188; x_wconf 77' lang='grc' dir='ltr'>πάθους</span> <span class='ocrx_word' id='word_1_699' title='bbox 1532 2159 1549 2192; x_wconf 89' lang='grc' dir='ltr'>ἠ</span> <span class='ocrx_word' id='word_1_700' title='bbox 1565 2157 1684 2195; x_wconf 77' lang='grc' dir='ltr'>τυραννὶς</span> <span class='ocrx_word' id='word_1_701' title='bbox 1707 2157 1758 2185; x_wconf 80' lang='grc' dir='ltr'>ὑπὸ</span> 
     </span>
     <span class='ocr_line' id='line_1_98' title="bbox 990 2203 1756 2243; baseline 0 -12"><span class='ocrx_word' id='word_1_702' title='bbox 990 2207 1037 2239; x_wconf 79' lang='grc' dir='ltr'>τῆς</span> <span class='ocrx_word' id='word_1_703' title='bbox 1059 2207 1110 2233; x_wconf 81' lang='grc' dir='ltr'>τῶν</span> <span class='ocrx_word' id='word_1_704' title='bbox 1133 2203 1277 2243; x_wconf 74' lang='grc' dir='ltr'>ἀνθρώπων</span> <span class='ocrx_word' id='word_1_705' title='bbox 1299 2204 1398 2235; x_wconf 75' lang='grc' dir='ltr'>αἰδοῦς·</span> <span class='ocrx_word' id='word_1_706' title='bbox 1421 2206 1465 2231; x_wconf 78' lang='grc' dir='ltr'>τοῦ</span> <span class='ocrx_word' id='word_1_707' title='bbox 1481 2205 1550 2232; x_wconf 80' lang='grc' dir='ltr'>Θεοῦ</span> <span class='ocrx_word' id='word_1_708' title='bbox 1577 2203 1603 2231; x_wconf 85' lang='grc' dir='ltr'>δὲ</span> <span class='ocrx_word' id='word_1_709' title='bbox 1627 2205 1756 2242; x_wconf 85' lang='grc' dir='ltr'>ὁρῶντος,</span> 
     </span>
     <span class='ocr_line' id='line_1_99' title="bbox 990 2248 1757 2290; baseline -0.003 -11"><span class='ocrx_word' id='word_1_710' title='bbox 990 2251 1049 2290; x_wconf 75' lang='grc' dir='ltr'>οὐχὶ</span> <span class='ocrx_word' id='word_1_711' title='bbox 1068 2249 1234 2289; x_wconf 73' lang='grc' dir='ltr'>μοιχεύουσιν</span> <span class='ocrx_word' id='word_1_712' title='bbox 1261 2248 1318 2277; x_wconf 75' lang='grc' dir='ltr'>οὐδὲ</span> <span class='ocrx_word' id='word_1_713' title='bbox 1340 2248 1493 2287; x_wconf 81' lang='grc' dir='ltr'>πορνεύουσι</span> <span class='ocrx_word' id='word_1_714' title='bbox 1519 2248 1606 2286; x_wconf 86' lang='grc' dir='ltr'>μόνον,</span> <span class='ocrx_word' id='word_1_715' title='bbox 1629 2248 1697 2277; x_wconf 83' lang='grc' dir='ltr'>ἀλλὰ</span> <span class='ocrx_word' id='word_1_716' title='bbox 1711 2249 1757 2277; x_wconf 84' lang='grc' dir='ltr'>καὶ</span> 
     </span>
     <span class='ocr_line' id='line_1_100' title="bbox 990 2294 1756 2335; baseline -0.004 -10"><span class='ocrx_word' id='word_1_717' title='bbox 990 2297 1066 2335; x_wconf 80' lang='grc' dir='ltr'>ἕτερα</span> <span class='ocrx_word' id='word_1_718' title='bbox 1088 2297 1178 2334; x_wconf 80' lang='grc' dir='ltr'>πολλῷ</span> <span class='ocrx_word' id='word_1_719' title='bbox 1203 2295 1378 2334; x_wconf 77' lang='grc' dir='ltr'>χαλεπώτερα</span> <span class='ocrx_word' id='word_1_720' title='bbox 1402 2294 1494 2322; x_wconf 81' lang='grc' dir='ltr'>πολλοὶ</span> <span class='ocrx_word' id='word_1_721' title='bbox 1516 2295 1692 2331; x_wconf 81' lang='grc' dir='ltr'>τετολμήκασι</span> <span class='ocrx_word' id='word_1_722' title='bbox 1711 2295 1756 2322; x_wconf 86' lang='grc' dir='ltr'>καὶ</span> 
     </span>
     <span class='ocr_line' id='line_1_101' title="bbox 989 2335 1755 2379; baseline -0.004 -8"><span class='ocrx_word' id='word_1_723' title='bbox 989 2343 1116 2379; x_wconf 76' lang='grc' dir='ltr'>τολμῶσι.</span> <span class='ocrx_word' id='word_1_724' title='bbox 1130 2342 1215 2369; x_wconf 68' lang='grc' dir='ltr'>Τοῦτο</span> <span class='ocrx_word' id='word_1_725' title='bbox 1231 2335 1273 2368; x_wconf 66' lang='grc' dir='ltr'>οὖν</span> <span class='ocrx_word' id='word_1_726' title='bbox 1287 2340 1363 2377; x_wconf 84' lang='grc' dir='ltr'>μόνον</span> <span class='ocrx_word' id='word_1_727' title='bbox 1380 2341 1429 2378; x_wconf 71' lang='grc' dir='ltr'>οὐχ</span> <span class='ocrx_word' id='word_1_728' title='bbox 1443 2339 1529 2368; x_wconf 81' lang='grc' dir='ltr'>ἱκανὸν</span> <span class='ocrx_word' id='word_1_729' title='bbox 1542 2339 1648 2378; x_wconf 84' lang='grc' dir='ltr'>μυρίους</span> <span class='ocrx_word' id='word_1_730' title='bbox 1658 2340 1755 2368; x_wconf 76' lang='grc' dir='ltr'>ἄνωθεν</span> 
     </span>
    </p>
   </div>
   <div class='ocr_carea' id='block_1_10' title="bbox 990 2389 1756 2428">
    <p class='ocr_par' dir='ltr' id='par_1_10' title="bbox 990 2389 1756 2428">
     <span class='ocr_line' id='line_1_102' title="bbox 990 2389 1756 2428; baseline -0.005 -7"><span class='ocrx_word' id='word_1_731' title='bbox 990 2391 1120 2427; x_wconf 71' lang='grc' dir='ltr'>σκηπτοὺς</span> <span class='ocrx_word' id='word_1_732' title='bbox 1133 2394 1295 2428; x_wconf 79' lang='grc' dir='ltr'>κατενεγκεῖν</span> <span class='ocrx_word' id='word_1_733' title='bbox 1305 2402 1312 2425; x_wconf 87' lang='lat'>;</span> <span class='ocrx_word' id='word_1_734' title='bbox 1323 2390 1374 2418; x_wconf 82' lang='grc' dir='ltr'>Καὶ</span> <span class='ocrx_word' id='word_1_735' title='bbox 1384 2389 1410 2417; x_wconf 89' lang='grc' dir='ltr'>τί</span> <span class='ocrx_word' id='word_1_736' title='bbox 1424 2389 1492 2427; x_wconf 78' lang='grc' dir='ltr'>λέγω</span> <span class='ocrx_word' id='word_1_737' title='bbox 1507 2389 1626 2427; x_wconf 79' lang='grc' dir='ltr'>μοιχείας</span> <span class='ocrx_word' id='word_1_738' title='bbox 1636 2389 1680 2418; x_wconf 84' lang='grc' dir='ltr'>καὶ</span> <span class='ocrx_word' id='word_1_739' title='bbox 1691 2401 1756 2426; x_wconf 89' lang='grc' dir='ltr'>πορ-</span> 
     </span>
    </p>
   </div>
   <div class='ocr_carea' id='block_1_11' title="bbox 198 2439 1755 2480">
    <p class='ocr_par' dir='ltr' id='par_1_11' title="bbox 198 2439 1755 2480">
     <span class='ocr_line' id='line_1_103' title="bbox 198 2439 1755 2480; baseline -0.001 -10"><span class='ocrx_word' id='word_1_740' title='bbox 198 2449 267 2470; x_wconf 84' lang='lat' dir='ltr'>sunt.</span> <span class='ocrx_word' id='word_1_741' title='bbox 283 2444 322 2470; x_wconf 81' lang='lat' dir='ltr'>An</span> <span class='ocrx_word' id='word_1_742' title='bbox 334 2442 384 2470; x_wconf 91' lang='lat' dir='ltr'>hoc</span> <span class='ocrx_word' id='word_1_743' title='bbox 394 2451 456 2480; x_wconf 82' lang='lat' dir='ltr'>ergo</span> <span class='ocrx_word' id='word_1_744' title='bbox 470 2441 557 2469; x_wconf 84' lang='lat' dir='ltr'>solum</span> <span class='ocrx_word' id='word_1_745' title='bbox 580 2451 632 2469; x_wconf 89' lang='lat' dir='ltr'>non</span> <span class='ocrx_word' id='word_1_746' title='bbox 648 2441 748 2469; x_wconf 80' lang='lat' dir='ltr'>sufficit</span> <span class='ocrx_word' id='word_1_747' title='bbox 761 2449 789 2470; x_wconf 87' lang='lat' dir='ltr'>ut</span> <span class='ocrx_word' id='word_1_748' title='bbox 800 2443 873 2471; x_wconf 89' lang='lat' dir='ltr'>mille</span> <span class='ocrx_word' id='word_1_749' title='bbox 884 2444 936 2472; x_wconf 69' lang='lat' dir='ltr'>sul·</span> <span class='ocrx_word' id='word_1_750' title='bbox 955 2453 972 2476; x_wconf 87' lang='lat' dir='ltr'>c</span> <span class='ocrx_word' id='word_1_751' title='bbox 989 2443 1070 2479; x_wconf 76' lang='grc' dir='ltr'>νείας;</span> <span class='ocrx_word' id='word_1_752' title='bbox 1086 2442 1129 2471; x_wconf 84' lang='grc' dir='ltr'>Τὰ</span> <span class='ocrx_word' id='word_1_753' title='bbox 1143 2441 1194 2480; x_wconf 81' lang='grc' dir='ltr'>γὰρ</span> <span class='ocrx_word' id='word_1_754' title='bbox 1209 2442 1298 2479; x_wconf 84' lang='grc' dir='ltr'>πολλῷ</span> <span class='ocrx_word' id='word_1_755' title='bbox 1312 2439 1408 2468; x_wconf 78' lang='grc' dir='ltr'>τούτων</span> <span class='ocrx_word' id='word_1_756' title='bbox 1425 2439 1525 2468; x_wconf 76' lang='grc' dir='ltr'>ἐλάττω</span> <span class='ocrx_word' id='word_1_757' title='bbox 1540 2439 1583 2467; x_wconf 81' lang='grc' dir='ltr'>ἐπὶ</span> <span class='ocrx_word' id='word_1_758' title='bbox 1598 2439 1644 2477; x_wconf 78' lang='grc' dir='ltr'>μὲν</span> <span class='ocrx_word' id='word_1_759' title='bbox 1656 2439 1755 2479; x_wconf 77' lang='grc' dir='ltr'>ἀνθρώ-</span> 
     </span>
    </p>
   </div>
   <div class='ocr_carea' id='block_1_12' title="bbox 231 2541 850 2576">
    <p class='ocr_par' dir='ltr' id='par_1_12' title="bbox 231 2541 850 2576">
     <span class='ocr_line' id='line_1_104' title="bbox 231 2541 850 2576; baseline 0.003 -11"><span class='ocrx_word' id='word_1_760' title='bbox 231 2549 240 2560; x_wconf 76' lang='grc'>’·</span> <span class='ocrx_word' id='word_1_761' title='bbox 259 2542 297 2565; x_wconf 87' lang='lat' dir='ltr'>Ita</span> <span class='ocrx_word' id='word_1_762' title='bbox 311 2542 370 2574; x_wconf 68' lang='lat' dir='ltr'>neg.</span> <span class='ocrx_word' id='word_1_763' title='bbox 386 2541 419 2574; x_wconf 79' lang='lat' dir='ltr'>[et</span> <span class='ocrx_word' id='word_1_764' title='bbox 433 2541 471 2575; x_wconf 67' lang='lat' dir='ltr'>A.]</span> <span class='ocrx_word' id='word_1_765' title='bbox 486 2541 552 2566; x_wconf 70' lang='lat' dir='ltr'>Editi</span> <span class='ocrx_word' id='word_1_766' title='bbox 566 2550 624 2567; x_wconf 85' lang='lat' dir='ltr'>vero</span> <span class='ocrx_word' id='word_1_767' title='bbox 640 2544 713 2572; x_wconf 71' lang='grc' dir='ltr'>ἐπειδὴ</span> <span class='ocrx_word' id='word_1_768' title='bbox 726 2547 769 2576; x_wconf 64' lang='grc' dir='ltr'>γὰρ</span> <span class='ocrx_word' id='word_1_769' title='bbox 788 2547 850 2569; x_wconf 58' lang='lat' dir='ltr'>ina.</span> 
     </span>
    </p>
   </div>
   <div class='ocr_carea' id='block_1_13' title="bbox 1018 2538 1753 2575">
    <p class='ocr_par' dir='ltr' id='par_1_13' title="bbox 1018 2538 1753 2575">
     <span class='ocr_line' id='line_1_105' title="bbox 1018 2538 1753 2575; baseline 0.001 -12"><span class='ocrx_word' id='word_1_770' title='bbox 1018 2546 1029 2563; x_wconf 84' lang='lat' dir='ltr'>b</span> <span class='ocrx_word' id='word_1_771' title='bbox 1040 2544 1080 2568; x_wconf 84' lang='lat' dir='ltr'>Sic</span> <span class='ocrx_word' id='word_1_772' title='bbox 1093 2544 1152 2575; x_wconf 71' lang='lat' dir='ltr'>Reg.</span> <span class='ocrx_word' id='word_1_773' title='bbox 1163 2540 1198 2574; x_wconf 84' lang='lat' dir='ltr'>[et</span> <span class='ocrx_word' id='word_1_774' title='bbox 1206 2542 1233 2565; x_wconf 85' lang='grc' dir='ltr'>Α.</span> <span class='ocrx_word' id='word_1_775' title='bbox 1243 2539 1282 2573; x_wconf 77' lang='lat' dir='ltr'>R]</span> <span class='ocrx_word' id='word_1_776' title='bbox 1294 2538 1377 2564; x_wconf 82' lang='lat' dir='ltr'>Morel.</span> <span class='ocrx_word' id='word_1_777' title='bbox 1390 2547 1447 2564; x_wconf 71' lang='lat' dir='ltr'>vcro</span> <span class='ocrx_word' id='word_1_778' title='bbox 1458 2542 1576 2573; x_wconf 64' lang='grc' dir='ltr'>ἀρκοῦντος</span> <span class='ocrx_word' id='word_1_779' title='bbox 1583 2543 1638 2574; x_wconf 74' lang='grc' dir='ltr'>πρὸς</span> <span class='ocrx_word' id='word_1_780' title='bbox 1646 2541 1753 2570; x_wconf 77' lang='grc' dir='ltr'>ἐπίῧειξιν.</span> 
     </span>
    </p>
   </div>
  </div>
 </body>
</html>
