1906 2866
103 1234 158 1254 Gen.
177 1231 210 1262 14.

257 146 326 191 752
597 158 624 181 s.
654 160 791 183 saumis
817 158 995 182 cuuxsos'r.

256 228 307 256 que
319 218 431 257 epistola
446 217 582 247 disseruit.
601 220 679 248 Nunc
702 231 764 250 vcro
789 220 864 249 aliud
885 218 993 258 quidem

256 264 310 301 ait,
325 264 451 302 velutque
459 265 602 304 objectioni
615 266 731 294 occurrit
742 276 853 304 eamque
864 272 924 293 ante
938 264 993 292 dis-

256 310 346 339 solvit.
363 310 442 346 Quod
460 318 549 339 autem
563 311 616 347 ait,
634 319 672 340 est
687 312 838 351 ejusmodi:
857 309 991 348 Equidem

255 355 313 395 ipse
329 367 376 395 per
399 356 541 385 avaritiam
566 367 615 385 vos
641 358 752 385 minimo.
779 354 992 393 ri1·cumscripsi;

253 412 347 431 verum
359 403 494 442 quispiam
507 403 557 431 hoc
570 404 681 432 fortasse
696 403 785 431 dicere
797 409 893 441 queat,
919 399 992 438 quod

254 458 418 486 quamquam
447 449 516 477 nihil
543 449 599 488 ipse
629 449 770 477 sumserim
782 471 790 483 ,
814 455 903 476 tamen
931 456 992 474 cum

254 494 328 522 vafer
343 504 374 522 ac
388 494 518 523 subdolus
541 505 640 530 essem,
662 494 692 522 id
713 493 806 522 curavi
817 500 847 521 ut
861 493 895 527 ii,
909 491 956 530 qui
976 502 992 519 a

254 549 296 568 me
307 539 382 567 missi
399 547 488 575 erant,
506 550 554 568 suo
569 539 675 567 nomine
690 538 794 576 aliquid
808 549 823 566 a
840 538 919 567 vobis
938 548 992 576 po-

253 585 397 620 stularent,
415 585 613 623 sicquepereos
627 584 784 621 sumserim,
802 590 882 622 atque
896 583 932 612 ita
948 593 990 611 me

253 630 442 669 compararim,
458 630 611 657 utaliorum
623 639 705 657 manu
720 629 863 668 accipiens,
875 635 990 667 accepta}

253 676 372 714 pecuniae
391 675 543 712 opinionem
558 685 572 702 a
591 685 633 702 me
648 685 822 704 removerem.
840 677 877 703 At
891 685 924 703 ne
939 674 991 703 hoc
1009 681 1028 702 D

252 721 361 758 quidem
376 721 466 748 dicere
481 720 623 758 quisquam
646 721 747 760 possit;
768 731 868 760 vosque
884 721 934 760 ipsi
951 727 990 749 te-

253 773 305 794 stes
321 766 391 794 estis.
407 765 488 794 Unde
497 766 579 794 etiam
590 766 774 806 interrogandi
787 767 868 796 modo
890 778 991 796 sermo—

252 822 311 839 nem
323 811 450 850 producit
460 811 565 848 dicens‚
577 813 689 851 Rogavi
703 815 799 842 Titum
811 820 838 842 et
851 815 917 842 mIsi
927 824 992 842 cum

251 868 284 885 eo
290 858 424 895 fratrem.
440 859 591 897 Numquid
608 860 688 888 Titus
704 870 759 888 vos
781 862 993 888 circumvenit?

252 914 339 931 nonne
355 903 448 932 eodem
462 915 514 941 quo
526 914 585 942 ego,
596 911 674 943 pacto
688 905 861 934 ambulavit?
876 905 933 934 Hoc
943 912 993 941 est,

251 949 320 977 nihil
332 949 388 988 ipse
408 950 517 988 accepit.
541 949 624 979 Vides
644 957 776 988 quantum
791 958 922 979 accuratae
937 951 992 979 sin-

252 994 370 1022 ceritatis
399 994 593 1023 incrementum
609 996 644 1024 sit
656 1007 662 1022 :
686 995 758 1034 quod
783 1007 836 1024 non
859 996 940 1025 modo
965 1007 994 1025 se

251 1050 351 1078 purum
366 1039 400 1067 ab
415 1040 572 1079 accipiendo
590 1041 755 1079 servaverit,
771 1041 817 1070 sed
828 1052 872 1070 eos
887 1052 993 1080 quoque

252 1096 318 1123 quos
332 1086 456 1123 miserat,
469 1087 505 1115 ita
527 1094 600 1126 regat
624 1094 704 1125 atque
726 1095 888 1127 componat,
910 1095 940 1116 ut
959 1099 993 1117 ne

252 1131 386 1160 tantillam
399 1132 510 1170 quidem
522 1133 690 1161 occasionem
701 1133 734 1162 iis
743 1134 861 1173 praebeat
872 1134 919 1172 qui
931 1145 992 1162 eum

251 1188 359 1216 carpere
381 1178 549 1216 gestiebant?
566 1179 624 1207 Hoc
647 1179 719 1207 enim
743 1180 821 1218 longe
845 1180 933 1218 majus
953 1187 992 1208 est
1009 1178 1028 1201 13

254 1233 299 1260 eo,
316 1223 388 1261 quod
404 1223 557 1262 patriarcha
582 1225 655 1253 fecit.
681 1226 750 1253 Nam
770 1226 834 1263 ille,
850 1236 912 1254 cum
932 1234 992 1264 post

252 1268 393 1297 victoriam
405 1279 527 1297 reversus
542 1275 609 1298 esset
620 1292 629 1307 ,
645 1280 675 1298 ac
686 1280 734 1298 rex
747 1270 797 1309 ipsi
811 1270 895 1309 spolia
912 1271 992 1299 osser-

251 1323 307 1351 ret,
327 1316 434 1354 negavit
447 1327 475 1345 se
486 1316 636 1355 quidquam
648 1324 837 1356 accepturum,
851 1325 948 1356 praeter
962 1329 991 1347 ea

252 1372 310 1399 quae
325 1362 388 1390 socii
408 1362 494 1401 ipsius
509 1362 688 1391 comedissent
704 1374 710 1390 :
731 1363 775 1392 hic
790 1370 879 1392 autem
895 1375 927 1392 ue
947 1375 991 1392 ne<

252 1408 398 1437 cessarium
413 1408 523 1446 quidem
537 1409 697 1438 alimentum
712 1421 806 1449 capere
821 1411 923 1447 voluit,
944 1423 991 1441 nec

251 1454 336 1482 socios
363 1464 468 1491 quoque
484 1454 628 1493 participes
652 1455 737 1493 ipsius
751 1465 805 1484 csse
826 1467 920 1495 passus
933 1464 970 1485 est
984 1469 990 1484 :

251 1499 289 1526 sic
317 1498 446 1527 nimirum
470 1499 671 1538 impudentium
700 1511 745 1529 ora
769 1511 850 1539 quam
874 1503 992 1530 maxime

251 1545 439 1584 comprimens.
462 1544 580 1583 Ideoque
608 1556 657 1574 nec
681 1546 737 1585 ipse
763 1547 920 1586 pronuntiat
945 1559 991 1576 nec
1001 1570 1035 1590 63

251 1590 318 1618 dicit
339 1600 382 1618 eos
401 1600 454 1618 non
480 1591 611 1630 accepisse
621 1614 629 1628 ,
658 1591 705 1620 sed
730 1592 801 1630 quod
822 1594 910 1632 majus
939 1600 991 1630 est,
1010 1600 1029 1621 ι

251 1636 323 1676 ipsos
338 1636 493 1665 Corinthios
510 1643 589 1665 testes
615 1637 742 1675 adducit,
767 1639 835 1667 nihil
857 1650 901 1667 eos
917 1650 993 1668 acce·

251 1682 341 1721 pisse3
358 1689 386 1710 ut
403 1693 435 1711 ne
453 1693 467 1709 a
481 1693 594 1721 persona
611 1683 667 1722 ipse
683 1694 730 1712 sua
744 1707 751 1720 ‚
766 1684 812 1713 sed
833 1684 867 1712 ab
882 1685 992 1714 illorum

251 1727 354 1755 calculo
376 1727 560 1756 testimonium
574 1735 663 1766 petere
678 1729 819 1758 videatur:
834 1730 863 1758 id
876 1730 950 1768 quod
964 1731 991 1759 in

250 1774 330 1802 rebus
351 1773 496 1812 exploratis
517 1774 590 1802 etde
616 1775 714 1812 quibus
739 1786 791 1804 non
816 1775 992 1813 dubitamus,

251 1820 337 1848 facere
348 1820 473 1848 solemus.
489 1820 578 1848 Dicite
591 1821 663 1848 enim
672 1843 682 1855 ,
696 1821 796 1858 inquit,
810 1831 875 1849 num
890 1821 950 1858 quis
959 1832 993 1849 ex

253 1867 286 1896 iis
298 1878 363 1905 quos
379 1867 439 1895 misi
452 1877 500 1895 vos
514 1878 562 1906 per
575 1868 716 1896 avaritiam
727 1868 922 1897 circumvenit?
934 1870 993 1898 Non

253 1911 340 1948 dixit,
352 1912 426 1940 Num
440 1911 500 1949 quis
515 1922 530 1939 a
546 1912 623 1940 vohis
637 1912 744 1949 aliquid
763 1912 885 1951 accepit?
898 1924 994 1942 verum

254 1957 405 1990 πλεονεξίαν
416 1979 425 1994 ,
439 1956 489 1984 hoc
498 1963 552 1993 est,
565 1956 777 1991 fraudationem,
790 1957 817 1986 id
832 1965 921 1994 vocat,
934 1959 995 1987 illos

254 2003 436 2042 perstringens
458 2002 612 2040 ingentique
634 2003 736 2041 pudore
758 2003 890 2039 afficiens,
916 2011 996 2043 atque

255 2047 396 2077 ostendens
407 2047 602 2076 fraudationem
618 2058 673 2076 esse
690 2048 724 2076 ab
749 2049 841 2078 invitis
852 2049 993 2089 quidpiam

254 2094 383 2133 accipere.
395 2094 451 2122 Nec
459 2093 529 2121 dixit
538 2115 545 2129 ,
559 2094 630 2122 Num
643 2094 737 2129 Titus,
751 2094 797 2123 sed
807 2117 815 2131 ,
826 2096 904 2123 Num
915 2098 995 2135 quis?
1013 2101 1030 2123 B

254 2141 348 2178 Neque
361 2139 432 2168 enim
447 2139 499 2167 hoc
512 2138 600 2167 dicere
610 2140 725 2177 queatis,
740 2140 842 2178 inquit,
855 2140 928 2170 hum·
942 2152 993 2170 non

254 2185 402 2225 accepisse,
423 2184 503 2213 illum
525 2191 614 2212 autem
637 2185 769 2224 accepisse
786 2198 791 2213 :
816 2197 902 2225 neque
923 2187 994 2216 enim

254 2231 399 2269 quisquam
415 2241 449 2259 ex
463 2230 496 2259 iis
506 2253 515 2266 ‚
530 2230 575 2268 qui
590 2230 623 2258 ad
638 2241 685 2259 vos
704 2242 731 2259 se
743 2232 911 2261 contulerunt
921 2256 930 2269 ,
943 2234 994 2262 ali-

254 2276 321 2314 quid
335 2275 445 2314 accepit.
460 2276 573 2314 Rogavi
594 2277 700 2304 Titum.
715 2276 747 2304 Id
767 2288 875 2315 quoquc
898 2279 994 2307 acriter

254 2321 358 2350 dictum
369 2328 426 2350 est:
440 2331 525 2359 neque
538 2321 609 2349 enim
623 2321 712 2358 dixit,
729 2322 823 2351 Titum
840 2323 900 2351 misi
912 2346 919 2359 ‚
933 2324 990 2362 sed,

255 2369 384 2406 Rogavi;
404 2367 468 2395 hinc
489 2367 627 2395 ostendens
653 2367 726 2405 quod
758 2368 861 2397 etiamsi
889 2369 993 2407 aliquid

254 2412 412 2452 accepisset,
428 2412 489 2451 jure
503 2422 551 2441 suo
566 2412 709 2451 accepisset
718 2424 726 2450 ;
741 2419 766 2441 et
782 2419 869 2442 tamen
879 2414 917 2442 sic
927 2425 992 2453 quo-

285 2500 300 2515 *
318 2497 412 2531 [Mai-g.
426 2498 502 2523 Saxil.
516 2505 541 2524 et
555 2500 586 2526 Α.
599 2503 736 2531 πλεονεξίας,
748 2506 773 2525 et
786 2509 842 2525 mox
856 2506 889 2533 μη·
903 2501 971 2535 τηεμ]

1027 157 1179 180 ,ΠΗΣΗΙΙΞΡ-

1210 159 1270 180 CON
1277 159 1314 180 ST
1324 159 1335 179 X
1341 159 1357 179 N
1363 158 1393 180 ΤΙ
1399 158 1462 180 ΝΟΡ
1468 172 1475 180 .

1047 229 1111 250 σεως
1121 218 1231 255 εἰσάγων
1240 219 1283 246 τὸν
1293 218 1379 256 λόγον,
1391 219 1434 246 καὶ
1445 219 1511 247 λύων
1525 219 1733 256 προηγουμένως.
1742 219 1778 248 ‘³0
1789 219 1813 247 δὲ

1046 263 1132 300 λέγει,
1145 263 1258 292 τοιοῦτόν
1271 265 1340 292 ἐστιν
1352 276 1357 281 ·
1373 264 1424 303 ἐγὼ
1442 264 1488 302 μὲν
1504 266 1571 302 ὑμᾶς
1585 266 1630 293 οὐκ
1644 265 1814 300 ἐπλεονέκτη-

1046 320 1092 337 σα·
1103 310 1156 347 ἔχει
1172 309 1199 337 δέ
1210 321 1248 342 τις
1265 309 1326 343 ἴσως
1340 312 1431 344 εἰπεῖν,
1445 309 1483 338 ὅτι
1495 310 1569 342 αὐτὸς
1586 309 1633 348 μὲν
1646 311 1692 338 οὐκ
1709 310 1814 345 ἔλαθον,

1045 357 1188 392 πανοῦργος
1201 354 1227 383 δὲ
1242 353 1277 383 ὢν
1290 356 1474 394 παρεσκεύασα
1488 355 1546 387 τοὺς
1564 357 1608 384 ὑπ’
1621 356 1685 393 ἐμοῦ
1697 357 1812 383 ἀποστα-

1045 399 1136 431 λέντας
1151 401 1187 432 εἰς
1201 402 1293 429 οἰκεῖον
1314 401 1453 440 πρόσωπον
1481 401 1588 436 αἷτῆσαί
1602 413 1627 429 τι
1643 402 1705 439 παρ’
1725 402 1810 438 ὑμῶν,

1045 445 1090 473 καὶ
1105 446 1137 473 δι’
1155 445 1258 474 ἐκείνων
1275 447 1350 479 αὐτὸς
1365 446 1502 485 ἐδεξάμην,
1524 450 1569 475 τοῦ
1585 447 1667 475 δοκεῖν
1679 446 1812 485 εἰληφέναι

1045 492 1158 529 ἐμαυτὸν
1172 491 1220 524 ἔξω
1234 492 1326 527 τιθεὶς,
1343 493 1374 520 δι’
1396 493 1490 532 ἑτέρων
1504 493 1656 530 λαμὲοίνων.
1671 492 1741 520 Ἀλλ’
1755 492 1812 520 οὐδὲ

1046 540 1120 566 τοῦτο
1132 538 1188 576 ἔχοι
1202 549 1241 569 τις
1255 537 1286 565 ἂν
1298 539 1377 566 εἰπεῖν
1390 550 1396 555 ·
1407 539 1452 566 καὶ
1465 539 1594 577 μάρτυρες
1608 541 1690 576 ὑμεῖς.
1704 537 1752 566 Διὸ
1767 537 1812 565 καὶ

1046 585 1103 612 κατ’
1120 583 1245 621 ἐρώτησιν
1261 584 1370 622 προάγει
1384 583 1427 612 τὸν
1439 584 1514 622 λόγον
1528 585 1622 622 λέγων,
1636 583 1814 623 Παρεκάλεσα

1046 629 1135 665 Τίτον,
1155 629 1199 658 καὶ
1221 629 1412 658 συναπέστειλα
1431 629 1474 658 τὸν
1500 629 1618 668 ἀδελφόν.
1633 630 1706 664 Μήτι
1721 630 1815 657 ἐπλεο-

1046 675 1169 709 νέκτησεν
1186 677 1253 713 ὑμᾶς
1268 675 1360 710 Τίτος,
1375 677 1424 714 οὐχ
1435 675 1530 713 ὁμοίιος
1543 675 1588 703 καὶ
1603 675 1678 707 αὐτὸς
1695 674 1753 712 ἐμοὶ
1764 686 1812 702 πε-

1048 720 1202 760 ριεπάτησε;
1216 720 1368 756 Τουτέστιν,
1384 721 1441 748 οὐδὲ
1454 721 1528 753 αὐτὸς
1542 719 1643 748 ἔλαὸεν.
1654 715 1730 752 Εἶδες
1743 719 1812 754 πόση

1047 766 1166 798 ἐπίτασις
1180 766 1331 804 ἅκριὸείας,
1346 769 1383 805 τῷ
1399 765 1435 804 μὴ
1450 766 1526 803 μόνον
1542 766 1632 794 ἑαυτὸν
1644 765 1756 804 καθαρὸν
1768 778 1813 801 τη-

1049 815 1100 851 ρεῖν
1111 815 1156 840 τοῦ
1167 811 1320 849 λήμματος,
1336 812 1403 841 ἀλλὰ
1420 812 1464 840 καὶ
1478 812 1537 844 τοὺς
1557 813 1602 840 ὑπ’
1617 813 1694 840 αὐτοῦ
1708 823 1815 849 πεμπο-

1047 857 1139 894 μένους
1152 856 1219 885 οῧτω
1234 857 1373 896 ῥυθμίζειν,
1385 857 1428 885 ἵνα
1444 856 1510 895 μηδὲ
1526 856 1622 895 μικρὰν
1634 857 1671 896 δῷ
1682 856 1812 895 πρόφασιν

1046 907 1099 935 τοῖς
1122 903 1346 940 ἐπιλαμῧοίνεσῡαι
1360 902 1541 941 βουλομένοις;
1557 904 1644 931 Τοῦτο
1660 902 1711 941 γὰρ
1722 903 1812 941 πολλῷ

1048 951 1133 986 μεῖζον
1148 945 1176 977 οῧ
1191 949 1333 983 πεποίηκεν
1347 951 1360 978 ὁ
1377 948 1553 988 πατριάρχης.
1567 948 1683 981 Ἐκεῖνος
1700 947 1748 986 μὲν
1761 948 1812 987 γὰρ

1047 995 1099 1024 ἀπὸ
1112 997 1159 1030 τῆς
1173 995 1246 1029 νίκης
1261 994 1419 1030 ἐπανελθὼν,
1439 1006 1484 1023 του
1499 993 1628 1032 βασιλεως
1638 993 1751 1026 διδόντος
1763 993 1811 1022 λα’-

1047 1052 1128 1079 φυρα,
1148 1041 1195 1069 οὐκ
1218 1041 1266 1079 ἔφη
1284 1040 1427 1078 ληδεσθαι,
1448 1039 1516 1074 πλην
1541 1042 1576 1067 ὧν
1591 1039 1686 1078 ἔφαγον
1701 1041 1809 1068 ἐκεῖνοι·

1046 1089 1091 1114 οὑτ
1092 1098 1118 1119 ος
1133 1086 1160 1114 δὲ
1175 1085 1233 1115 οὔτε
1246 1088 1294 1119 ’“,ς
1309 1085 1451 1124 ἀναγκαίας
1469 1087 1564 1124 τροφῆς
1576 1085 1634 1113 οὔτε
1650 1085 1724 1118 αὐτὸς
1739 1085 1810 1120 ἀτη-,-

1044 1133 1150 1166 λαυσεν,
1166 1132 1224 1160 οὔτε
1234 1143 1292 1163 τους
1302 1129 1436 1163 κοινωνοὺς
1451 1132 1534 1169 ἀφηκε
1546 1135 1698 1169 μετασχεῖν,
1708 1131 1738 1158 ἐκ
1746 1131 1811 1158 πολ-

1046 1179 1091 1206 λοῦ
1114 1180 1160 1206 τοῦ
1174 1176 1306 1215 περιόντος
1324 1176 1497 1213 ἐπιστομίζων
1512 1178 1562 1204 τῶν
1578 1175 1757 1215 ἅναισιύντων
1778 1175 1811 1204 τὰ

1047 1223 1176 1260 στόματα.
1191 1222 1241 1251 Διὰ
1253 1225 1328 1251 τοῦτο
1343 1221 1401 1250 οὐδὲ
1413 1221 1601 1260 ἀποφαίνεται,
1617 1221 1674 1250 οὐδὲ
1688 1221 1760 1260 λέγει
1771 1221 1810 1250 ὅτι

1045 1268 1102 1297 οὐδὲ
1119 1270 1211 1297 ἐκεῖνοι
1231 1267 1334 1303 ἔλαθον,
1346 1267 1404 1296 ἀλλ’
1419 1267 1433 1295 ὃ
1448 1267 1538 1305 πολλῷ
1557 1267 1648 1296 τούτου
1669 1269 1756 1305 μεῖζον
1767 1263 1810 1302 ἦν,

1047 1313 1137 1346 αὖτοὺς
1149 1313 1263 1353 παράγει
1279 1313 1412 1351 μάρτυρας
1433 1312 1492 1344 τοὺς
1506 1313 1657 1352 Κορινθίους
1670 1316 1715 1342 τοῦ
1729 1313 1811 1351 μηδὲν

1046 1358 1137 1391 αὐτοὺς
1158 1359 1310 1397 εἰληφέναι,
1326 1358 1367 1386 ἵνα
1382 1358 1418 1396 μὴ
1436 1358 1462 1391 ἐξ
1476 1358 1570 1386 οἰκείου
1585 1358 1726 1397 προσώπου
1745 1359 1809 1396 δοκῇ

1046 1409 1195 1444 μαρτυρεῖν,
1209 1405 1267 1432 ἀλλ’
1280 1404 1331 1432 ἀπὸ
1342 1415 1389 1438 της
1403 1403 1506 1432 ἐκείνων
1528 1404 1627 1442 ψήφου·
1641 1403 1706 1444 ὅπερ
1720 1404 1812 1432 εἰώθα-

1046 1462 1093 1488 μεν
1114 1451 1156 1479 ἐπι
1180 1462 1232 1478 των
1257 1449 1356 1488 cadesa
1375 1451 1449 1486 ὁμο)
1444 1449 1599 1505 ογνμένων,
1622 1449 1666 1478 καὶ
1691 1449 1756 1488 ὑπὲρ
1773 1445 1810 1477 ὧν

1046 1497 1200 1533 Οαρρόῦμεν,
1215 1500 1308 1523 ποιεῖν.
1326 1494 1426 1523 Εἴπατε
1447 1494 1498 1533 γὰρ
1510 1516 1517 1530 ,
1539 1506 1616 1533 φησι,
1640 1506 1677 1532 μη
1699 1506 1738 1527 τις
1757 1497 1810 1523 τῶν

1045 1543 1107 1579 παρ’
1125 1543 1197 1579 ὑμῶν
1220 1540 1419 1569 ἀποσταλέντων
1442 1540 1665 1575 ἐπλεονέκτησεν
1656 1545 1738 1578 υμᾶς;
1752 1541 1812 1570 Οὐκ

1046 1590 1113 1624 εἰπε,
1130 1587 1166 1624 μή
1179 1599 1219 1619 τις
1231 1586 1310 1615 ἔλαβέ
1324 1599 1348 1614 τι
1363 1587 1425 1624 παρ’
1438 1587 1520 1623 ὑμῶν,
1536 1586 1602 1615 ἀλλὰ
1617 1585 1765 1619 πλεονεξίαν
1781 1586 1811 1615 τὸ

1045 1637 1156 1671 πρᾶγμα
1175 1634 1264 1667 καλεῖ,
1277 1631 1474 1669 καθαπτόμενος
1486 1633 1582 1668 αὐτῶν,
1595 1631 1641 1660 καὶ
1655 1632 1780 1671 σφόδρα’
1767 1644 1811 1660 εν-

1044 1677 1157 1716 τρέπων,
1184 1678 1229 1706 καὶ
1254 1677 1352 1709 δεικνὺς
1373 1676 1413 1705 ὅτι
1434 1677 1463 1705 τὸ
1486 1677 1560 1716 παρὰ
1583 1676 1688 1709 ἄκοντος
1710 1677 1811 1711 λαθεῖν,

1046 1722 1212 1756 *πλεονεξία
1229 1722 1281 1751 Καὶ
1296 1725 1342 1751 οὐκ
1359 1718 1429 1759 εἷπε,
1446 1722 1482 1760 μὴ
1495 1722 1588 1756 Τίτος,
1602 1722 1680 1758 ἀλλὰ,
1691 1722 1739 1757 Μή
1753 1734 1806 1755 τις;

1045 1769 1113 1797 Οὐδὲ
1128 1768 1178 1807 γὰρ
1190 1771 1266 1797 τοῦτο
1280 1768 1310 1796 ἂν
1327 1768 1412 1807 ἔχοιτε
1430 1770 1522 1802 εἰπεῖν,
1543 1767 1630 1806 φησὶν,
1645 1767 1684 1796 ὅτι
1703 1770 1717 1796 ὁ
1739 1769 1810 1797 δεῖνα

1047 1814 1092 1851 μὲν
1105 1815 1152 1842 οὒκ
1167 1814 1269 1849 ἔλαθεν,
1282 1814 1368 1853 ἕτερος
1383 1812 1410 1842 δὲ
1424 1813 1524 1841 ἔλαὸεν.
1544 1813 1612 1842 Οὐδὲ
1632 1809 1668 1846 εἷς
1680 1816 1731 1842 τῶν
1747 1815 1816 1853 ἇφι-“

1046 1859 1172 1896 κομένων.
1188 1859 1362 1897 Παρεκάλεσα
1375 1858 1463 1887 Τίτον.
1482 1858 1535 1887 Καὶ
1549 1862 1624 1887 τοῦτο
1644 1860 1808 1894 πληκτικῶς.

1279 1903 1384 1942 ἔπεμψα
1399 1903 1490 1938 Τίτον,
1511 1904 1592 1939 ἀλλὰ,
1615 1904 1809 1944 Παρεκιὶλεσα,

1047 1949 1147 1981 δεικνὺς
1171 1949 1213 1978 ὅτι
1233 1949 1277 1978 καὶ
1304 1951 1326 1977 εἰ
1347 1949 1442 1984 mace,
1458 1949 1563 1981 δικαίως
1587 1949 1617 1977 ἂν
1635 1949 1737 1986 ἔλαὸεν,
1751 1952 1810 1979 ἀλλ’

1046 1995 1118 2032 ὅμως
1143 1995 1188 2023 καὶ
1209 1995 1276 2023 οὕτω
1300 1994 1412 2034 καθαρὸς
1433 1995 1528 2032 ἔμεινε.
1543 1994 1592 2023 Διὸ
1614 1995 1694 2023 πάλιν
1719 1995 1811 2028 αὖτοὺς

1046 1906 1086 1932 Οὐ
1101 1905 1151 1942 γὰρ
1174 1899 1255 1939 εἶπεν,

1048 2043 1133 2080 ἐρωτᾷ
1144 2041 1238 2079 λέγων,
1250 2041 1296 2076 Μή
1308 2053 1333 2069 τι
1345 2040 1546 2075 ἐπλεονέκτησεν
1557 2043 1625 2078 ὑμᾶς
1633 2040 1724 2077 Τίτος;
1734 2043 1764 2070 οὖ
1773 2043 1811 2081 τῷ

1048 2088 1118 2125 αὐτῷ
1132 2087 1261 2124 πνεύματι
1279 2086 1525 2125 περιεπατήσαμεν;
1543 2085 1579 2115 Τί
1595 2088 1666 2122 ἐστι,
1679 2088 1727 2126 Τῷ
1741 2088 1812 2126 αὖτῷ

1048 2132 1192 2169 πνεύματι,
1207 2133 1249 2170 Τῇ
1262 2132 1361 2186 χάριτι
1369 2132 1399 2160 τὸ
1420 2136 1471 2160 πᾶν
1489 2131 1639 2167 ἀνατίθησι,
1652 2132 1697 2160 καὶ
1713 2132 1814 2160 δείκνυ-

1049 2190 1099 2212 σιν,
1111 2178 1151 2206 ὅτι
1167 2177 1226 2206 0⁶)ov
1246 2177 1277 2205 τὸ
1298 2176 1428 2215 ἐγκώμιον
1440 2177 1582 2212 τουτο,οὗ
1603 2179 1654 2205 τῶν
1677 2177 1812 2218 ἡμετέρων

1048 2223 1143 2258 πόνων,
1159 2223 1225 2252 im&
1241 2235 1288 2258 της
1305 2226 1348 2251 τοῦ
1367 2221 1554 2260 Πνεύματος“
1540 2227 1638 2262 οωρεας
1653 2222 1814 2260 κατόρθωμα

1048 2281 1089 2304 ην,
1105 2281 1150 2297 και
1161 2281 1207 2302 της
1227 2280 1344 2307 χαριτος
1357 2267 1409 2296 Καὶ
1423 2267 1473 2306 γὰρ
1496 2279 1572 2306 χαρις
1596 2270 1627 2302 ἠν
1643 2267 1772 2304 μεγίστη,
1783 2267 1816 2296 τὸ

1048 2328 1091 2345 και
1107 2319 1275 2354 ὑστερου··τας
1292 2315 1336 2343 καὶ
1358 2314 1536 2353 λιμώττοντας
1550 2313 1587 2352 μὴ
1611 2314 1756 2352 λαμὲάνειν
1771 2313 1814 2342 διὰ

1047 2365 1094 2401 τὴν
1111 2368 1162 2394 τῶν
1183 2364 1400 2403 μαθητευομένων
1421 2364 1568 2402 οἰκοδομήν.
1592 2365 1632 2392 Οὖ
1657 2368 1710 2397 τοῖς
1727 2366 1815 2396 αὐτοῖς

1047 2415 1162 2455 ἴχνεσιη
1180 2414 1332 2451 Τουτέστιν,
1350 2413 1407 2443 οὐδὲ
1424 2414 1515 2452 μικρὸν
1528 2413 1700 2452 παρήλλαξαν
1720 2415 1815 2443 ἐκεῖνοι
