1891 2866
116 2010 172 2029 Gen.
185 2009 222 2036 39.

120 2041 155 2062 15.

118 2426 173 2446 Gen.

121 2458 154 2478 ¹]v

189 2425 226 2452 150.

266 215 335 259 54ss
593 226 620 246 s.
649 225 786 246 Jomxts
813 225 990 246 euttrsos'r.

266 288 389 326 nmjorein
411 286 550 315 exhibeam
577 285 793 314 benevolentiffln.
819 285 888 314 Vide
904 291 993 312 autem

264 332 396 371 quomodo
410 333 466 372 ejus
482 332 588 361 extollat
606 332 739 360 beneficia.
757 332 826 366 Quia
843 331 911 359 eniin
927 329 992 358 nihil

263 380 376 408 sublime
392 386 491 418 poterat
513 378 687 406 barbara-illa
703 385 727 406 ct
743 377 877 416 impudica
892 376 992 413 cogita—

264 436 306 460 re,
322 425 356 453 ab
373 424 497 453 Immanis
511 424 585 452 illam
607 423 706 462 pudor(-
724 422 864 457 suffundit,
883 420 991 448 dicens:

262 473 384 510 Propter
395 482 439 500 me
451 471 524 499 nihil
538 472 698 509 cognoscit.-
712 469 738 497 id
754 475 801 503 cst,
816 469 911 505 Magna
926 465 992 494 mihi

261 518 388 547 beneficia
408 518 518 553 confert,
541 527 587 545 nee
601 526 706 555 possum
721 521 860 553 patronum
875 513 901 540 in
914 512 992 540 rebus

262 564 403 603 praecipuis
418 562 517 591 laedere.
540 563 584 590 Me
606 560 751 589 secundum
769 559 907 587 dominum
931 558 993 586 feeit

260 609 356 638 domus
367 621 432 644 suae,
445 617 470 637 et
484 609 591 638 Nullus
601 609 747 640 eximitur,
763 607 818 634 nisi
829 612 868 633 tu.
880 605 929 633 Hie
936 605 992 644 ejus

260 666 365 684 sensum
378 663 401 684 et
416 655 533 683 ¹mimum
549 653 664 687 extollit,
677 660 705 680 ut
720 652 758 680 sic
773 652 846 679 illam
859 651 892 679 ad
909 650 992 690 pudo-

259 713 315 730 rem
337 701 458 735 inducat,
477 707 502 728 et
522 698 639 727 ostendat
652 709 778 737 magnum
793 708 847 726 esse
856 697 991 725 honorem.

260 748 349 785 Neque
360 747 403 775 hic
414 746 540 779 substitit,
552 745 684 773 sedetiam
696 743 801 772 induxit
816 754 909 771 nomen
920 742 991 781 quod

259 800 344 831 posset
355 792 428 820 illam
440 791 551 819 retinere
562 790 652 819 dicens
664 802 670 817 :
681 791 726 818 Eo
736 790 813 829 quod
825 796 856 817 tu
866 791 904 818 sis
920 799 993 817 uxor

259 840 338 876 ejtts;
352 845 379 866 et
389 838 655 877 quomodosaciam
668 837 789 864 verbum
801 836 854 863 hoc
862 835 971 862 malum
980 838 992 862 .²

259 884 311 912 Sed
327 883 390 921 quid
403 883 489 911 dieis?
500 883 558 910 Non
570 881 643 910 adest
655 882 706 918 vir,
721 892 804 919 neque
822 880 870 909 scit
884 891 911 908 se
923 880 992 920 inju-

259 930 296 957 ria
308 929 397 958 affici?
412 928 465 958 Sed
480 929 552 956 Deus
563 927 682 967 aspiciet.
696 930 729 955 At
742 927 811 955 nihil
826 937 859 954 ex
872 926 918 954 tali
931 937 993 954 con-

259 976 318 1004 silio
336 975 381 1004 illa
395 976 495 1003 lucrata
511 981 558 1009 est,
574 973 620 1003 sed
636 974 713 1002 illum
730 972 847 1001 attraxit.
864 973 993 1001 Furorem

260 1033 375 1060 namque
396 1032 474 1050 suum
491 1021 625 1060 complere
640 1020 739 1055 volens,
754 1030 806 1048 nou
821 1030 912 1047 amans
923 1020 994 1048 Jose-

259 1067 343 1107 phuni
351 1068 407 1096 haec
421 1067 493 1103 feeit,
506 1074 534 1094 ut
548 1066 636 1106 palam
644 1073 681 1094 cst
691 1077 724 1094 ex
735 1066 767 1094 iis
780 1077 838 1104 qum
849 1072 937 1105 postea
950 1065 994 1093 de-

260 1115 384 1153 signavit.
392 1113 526 1144 Judicium
537 1113 606 1141 enim
618 1112 793 1147 constituit,et
803 1112 994 1142 accusationem

260 1158 348 1195 insert,
362 1166 439 1197 atque
457 1158 521 1186 falsa
534 1157 700 1193 testificatur,
716 1168 746 1186 ac
760 1157 821 1186 seroe
833 1156 913 1185 tradit
925 1167 994 1191 eum,

260 1206 344 1244 quise
360 1205 427 1233 nihil
439 1205 550 1240 laeserat,
567 1204 594 1232 in
612 1215 792 1242 carceremquc
805 1203 927 1243 conjicit;
942 1203 994 1231 imo

261 1251 358 1290 potius,
375 1250 540 1290 quantumin
552 1261 579 1278 se
592 1257 656 1286 erat,
673 1250 769 1279 occidit
782 1262 787 1277 z
802 1250 838 1278 ita
853 1249 995 1288 nempeju-

260 1296 346 1325 dicem
358 1297 483 1325 armavit.
501 1295 573 1331 Quid
588 1296 691 1335 igitur?
705 1302 793 1324 eratne
806 1295 902 1334 Joseph
915 1295 994 1323 etiam

262 1343 339 1372 talis?
350 1343 406 1371 Imo
417 1349 521 1379 contra3
537 1352 622 1381 neque
637 1342 708 1369 enim
725 1341 898 1377 contradixit,
911 1351 995 1379 neque

1020 224 1170 245 Atttltttl-lv.

1010 656 1029 678 1)

261 1389 399 1418 mulierem
413 1388 556 1417 accusavit.
567 1390 612 1424 At,
629 1387 741 1425 inquies,
752 1398 802 1416 non
815 1386 943 1416 creditum
954 1387 994 1414 illi
1008 1390 1012 1396 '

260 1436 360 1464 suisset.
376 1435 454 1473 Atqui
470 1434 549 1463 valde
563 1434 712 1469 amabatur,
727 1441 755 1462 ut
777 1433 862 1472 palam
878 1440 925 1468 est,
943 1443 993 1461 non

260 1492 293 1510 ex
302 1481 431 1521 principio
441 1480 537 1515 solum,
553 1479 599 1508 sed
617 1480 696 1508 etiam
717 1490 750 1508 ex
769 1480 828 1507 fine.
853 1479 911 1507 Nisi
923 1479 993 1507 enim

260 1528 336 1556 illum
349 1527 479 1555 barbarus
489 1526 534 1554 ille
544 1526 659 1554 multum
673 1525 817 1561 dilexisset,
830 1525 909 1553 etiam
923 1525 993 1553 ocei-

1201 223 1261 244 CON
1268 223 1324 244 §TA
1334 222 1452 243 NTtNOP
1459 236 1464 242 .

1046 284 1130 318 ἐκείνη
1155 283 1199 311 καὶ
1224 282 1380 317 ἀκόλαστος,
1396 283 1447 312 ἀπὸ
1470 284 1520 310 τῶν
1544 282 1709 320 ἀνθρωπίνων
1725 282 1802 318 αὐτὴν

1046 329 1162 368 ἐντρέπει
1173 329 1254 367 λέγων
1265 341 1269 346 ·
1282 330 1321 357 Οὐ
1334 328 1455 367 γινώσκει
1465 329 1498 356 δι’
1509 328 1554 366 ἐμὲ
1565 327 1649 356 οὐδέν·
1664 329 1804 359 τουτέστιν,

1046 375 1193 414 Βεύεργετεῐ
1213 388 1244 413 με
1262 376 1377 414 μεγάλα,
1397 376 1440 404 καὶ
1454 376 1482 403 οὒ
1498 375 1609 412 δύναμαι
1628 375 1670 403 τὸν
1691 375 1803 414 προστά-

1046 433 1091 455 την
1115 422 1140 449 ἐν
1164 426 1216 454 τοῖς
1237 421 1333 461 κυρίοις
1354 421 1458 456 πλῆξαι.
1474 421 1539 459 Ἰζμὲ
1560 421 1674 459 δεύτερον
1699 421 1805 456 ἐποίησε

1048 467 1174 503 δεσπότην
1196 469 1242 502 τῆς
1268 468 1364 503 οἰκίας,
1389 468 1432 496 καὶ
1457 467 1550 500 Οὐδεὶς
1573 466 1732 505 ὑπεξῇρηταί
1756 479 1805 505 μου

1047 512 1114 547 πλὴν
1130 516 1182 543 σοῦ.
1196 513 1325 542 Ἐνταῦθα
1347 514 1448 553 ἐπαίρει
1464 515 1543 547 αὐτῆς
1563 513 1592 541 τὸ
1614 512 1748 551 φρόνημα,
1763 511 1805 540 ἵνα

1047 558 1094 587 κᾶν
1113 559 1192 593 οὕτως
1206 561 1373 598 αἰσχυνθῆναι
1387 560 1590 599 παρασκευάσῃ,
1610 559 1653 587 καὶ
1676 558 1745 596 δείξῃ
1761 570 1806 595 με-

1532 605 1610 644 μέχρι
1624 603 1715 633 τούτου
1727 603 1788 638 ἔστη
1798 627 1806 638 ,

1047 651 1114 679 ἀλλὰ
1130 652 1173 680 καὶ
1201 652 1249 687 ἔπη
1252 664 1328 690 (αγεν
1348 653 1429 689 ὄνομα
1444 652 1530 680 ἱκανὸν
1555 651 1633 685 αὐτὴν
1655 654 1806 689 κατασχεῖν,

1047 604 1129 642 γάλην
1147 601 1225 634 οὖσαν
1237 618 1283 641 την
1295 618 1382 643 τιμην.
1398 606 1450 635 Και
1464 605 1520 634 οὐδὲ

1046 697 1084 726 λέ
1077 709 1147 736 (ων-
1171 697 1221 726 Διὰ
1244 697 1274 726 τό
1296 710 1324 726 σε
1347 702 1457 736 γυναῖκα
1480 699 1557 726 αὐτοῦ
1583 700 1661 733 εἰναι,
1682 708 1727 725 και
1751 708 1806 728 πως

1047 743 1148 778 ποιήσι)
1165 744 1194 772 τὸ
1211 746 1250 782 ῥῆ
1247 756 1282 772 αα
1296 745 1325 773 τὸ
1337 756 1448 784 πονηρον
1460 746 1549 779 τοῦτο;
1569 742 1648 772 Ἀλλὰ
1661 743 1686 771 τί
1711 742 1806 781 λέγεις

1047 789 1086 817 ὅτι
1106 790 1134 818 οὐ
1159 789 1283 828 πάρεστιν
1304 791 1317 818 ὁ
1334 790 1408 829 ἀνὴρ,
1432 788 1489 818 οὐδὲ
1514 784 1579 817 οἶδεν
1600 788 1640 818 ὅτι
1661 789 1805 823 ἀδικεῖται;

1047 835 1115 864 Ἀλλ’
1131 838 1144 864 ὁ
1159 836 1225 868 Θεὸς
1235 836 1367 875 ἐπόψεται.
1381 836 1449 865 Ἀλλ’
1463 837 1509 864 οὐκ
1523 835 1657 874 ἐκέρδανεν
1668 834 1737 864 οὐδὲν
1755 835 1807 863 ἀπὸ

1047 884 1093 916 τ’ῆς
1111 882 1256 920 συμὸουλῆς
1270 882 1369 918 ἐκείνη,
1384 884 1440 912 ἀλλ’
1458 882 1624 912 ἐπεσπάσατο
1646 881 1731 910 αὐτόν.
1749 880 1806 916 Τὴν

1047 927 1098 967 γὰρ
1114 928 1208 956 οἰκείαν
1224 929 1317 966 μανίαν
1329 930 1467 968 πληρῶσαι
1484 928 1641 967 βουλομένη,
1656 929 1684 956 οὗ
1698 928 1807 967 φιλοῦσα

1049 975 1091 1003 τὸν
1107 973 1219 1013 Ἰωσὴφ,
1234 978 1315 1003 ταῦτα
1337 974 1448 1014 ἔπραττε
1460 987 1465 992 ·
1481 974 1525 1003 καὶ
1543 975 1618 1009 δῆλον
1643 973 1667 1007 ἐξ
1683 969 1719 1002 ὧν
1741 973 1807 1011 μετὰ

1049 1023 1130 1048 ταῦτα
1141 1021 1257 1056 ἐποίησε.
1273 1021 1323 1049 Καὶ
1337 1021 1386 1060 γὰρ
1400 1020 1564 1060 δικαστήριον
1580 1019 1694 1055 καθίζει,
1706 1019 1750 1047 καὶ
1761 1031 1807 1048 κα-

1049 1066 1171 1105 τηγορίαν
1187 1067 1301 1105 εἰσάγει,
1314 1067 1358 1095 καὶ
1377 1067 1410 1096 τὰ
1430 1068 1510 1106 ψευδῆ
1531 1069 1743 1106 καταμαρτυρεῖ,
1762 1064 1807 1093 καὶ

1050 1112 1169 1142 ἐκοίόωσι
1183 1113 1264 1153 θηρίω
1278 1113 1320 1141 τὸν
1331 1113 1401 1142 οὖδεν
1417 1113 1578 1149 ἠδικηκότα,
1591 1125 1635 1141 και
1654 1113 1689 1144 εἷς
1703 1112 1806 1149 δεσμω-

1049 1159 1136 1199 τήριον
1153 1159 1291 1197 εμὲάλλει·
1306 1160 1403 1197 μᾶλλον
1425 1158 1468 1195 δε,
1478 1158 1506 1187 τό
1518 1171 1547 1198 γε
1561 1160 1641 1193 αὐτῆς
1655 1157 1773 1203 μέρος,
1762 1156 1807 1184 καὶ

1051 1207 1162 1234 ἀνεῖλεν·
1184 1217 1251 1233 ουτω
1265 1217 1307 1233 τον
1322 1205 1445 1239 δικαστὴν
1460 1204 1620 1233 καθώπλισε.
1637 1203 1672 1232 Τί
1686 1205 1743 1238 οὐν;
1757 1205 1808 1241 ἆρα

1051 1264 1094 1280 και
1106 1251 1204 1291 Ιωσὴφ
1218 1254 1346 1288 τοιοῦτος;
1358 1250 1513 1280 Τούναντίον
1529 1249 1575 1288 μὲν
1596 1252 1638 1278 οῦν
1654 1249 1737 1277 ἅπαν·
1749 1248 1807 1277 οὔτε

1050 1297 1100 1337 γὰρ
1110 1299 1236 1333 ἀντεῖπεν,
1245 1297 1302 1326 οὔτε
1311 1297 1474 1336 κατηγόρησε
1484 1299 1530 1331 τῆς
1540 1295 1668 1335 γυναικός.
1679 1294 1808 1329 Ἤπιστή-

1051 1347 1081 1380 θη
1096 1344 1146 1383 γὰρ
1160 1345 1200 1380 ἂν,
1215 1344 1286 1382 φησί.
1300 1344 1351 1372 Καὶ
1364 1343 1413 1381 μὴν
1427 1343 1525 1382 σφόδρα
1538 1343 1666 1382 ἐφιλεῖτο,
1677 1341 1722 1370 καὶ
1731 1342 1807 1376 δῆλον

1050 1393 1095 1419 οὐκ
1110 1391 1161 1420 ἀπὸ
1175 1392 1221 1424 τῖς
1235 1393 1319 1430 ἀρχῆς
1330 1393 1340 1405 ⁰
1348 1389 1435 1427 μόνον,
1452 1388 1519 1417 ἀλλὰ
1531 1389 1575 1417 καὶ
1588 1389 1640 1417 ἀπὸ
1651 1390 1695 1416 τοῦ
1709 1387 1806 1419 τέλους.

1050 1438 1082 1466 Εἰ
1092 1437 1141 1476 γὰρ
1152 1436 1187 1475 μὴ
1199 1437 1297 1475 σφόδρα
1312 1436 1386 1465 αὐτὸν
1403 1434 1533 1475 βάρὸαρος
1543 1435 1637 1466 ἐκεῖνος
1651 1434 1748 1473 ἐφίλει,
1758 1433 1806 1461 κᾶν

1049 1483 1183 1513 ἀπέκτεινε
1204 1485 1317 1521 σιγῶντα
1333 1482 1377 1510 καὶ
1399 1481 1469 1510 οὐδὲν
1492 1480 1668 1519 ἀντιλέγοντα.
1690 1480 1743 1509 Καὶ
1756 1479 1807 1519 γὰρ

1003 1552 1038 1570 297
1052 1530 1191 1568 Αἰγύπτιος
1205 1525 1246 1564 ἦν,
1260 1528 1303 1556 καὶ
1318 1528 1415 1568 ἄρχων,
1432 1527 1476 1556 καὶ
1491 1527 1550 1565 περὶ
1565 1525 1639 1561 εὐνὴν
1651 1525 1807 1563 ἠδικημένος

261 1575 342 1604 disset
362 1574 481 1603 silentem
501 1580 526 1602 et
545 1573 613 1601 nihil
631 1573 861 1601 contradicentem.
886 1572 992 1601 Etenim
1012 1581 1030 1601 Α
1049 1578 1083 1608 ὡς
1096 1576 1211 1614 ἐνόμιζε,
1226 1575 1269 1603 καὶ
1289 1574 1361 1613 παρὰ
1376 1573 1490 1609 οἰκέτου,
1511 1573 1555 1600 καὶ
1576 1571 1675 1601 οἰκέτου
1699 1574 1806 1600 τοιαῦτα

261 1621 405 1661 AEgyptius
419 1627 472 1649 erat
492 1627 516 1648 et
538 1620 670 1659 princeps,
691 1626 715 1647 et
737 1619 762 1647 in
782 1618 913 1657 conjugali
927 1619 993 1647 lecto

262 1667 371 1695 affectus
382 1665 488 1705 injuria,
504 1672 533 1693 ut
543 1665 666 1704 putabat3
682 1671 706 1693 et
720 1676 734 1693 a
745 1664 855 1700 famulo,
870 1664 991 1702 inquam,

263 1713 308 1752 qui
323 1720 361 1742 tot
380 1711 507 1741 beneficia
528 1718 672 1750 acceperat.
690 1711 741 1740 Sed
754 1711 811 1739 haec
828 1710 914 1738 omnia
930 1711 994 1739 vicit

263 1759 369 1788 dilectio
380 1766 403 1787 et
413 1758 505 1797 gratia,
513 1769 592 1796 quam
604 1757 709 1786 Deusin
721 1757 797 1785 illum
808 1757 914 1786 infudit.
926 1758 993 1786 Cum

264 1805 349 1844 gratia
361 1812 448 1833 autem
464 1811 489 1833 et
504 1804 644 1832 dilectione
659 1803 708 1832 hae
722 1803 820 1832 indicia
834 1803 927 1831 habuit
940 1815 991 1832 non

266 1863 358 1890 parva,
372 1852 392 1880 si
398 1851 458 1890 jure
469 1849 623 1879 contendere
637 1850 772 1885 voluisset,
785 1850 841 1889 ipsa
853 1850 994 1879 vestimen-

266 1905 302 1926 ta.
318 1897 346 1925 Si
363 1897 432 1925 enim
448 1896 493 1924 illa
514 1896 570 1924 vim
587 1907 661 1935 passa
680 1895 781 1933 suisset,
798 1895 934 1935 oportebat
947 1907 994 1924 ru-

268 1952 341 1983 ptam
355 1944 411 1982 ejus
424 1944 503 1972 fuisse
514 1943 646 1979 tunicam,
659 1943 803 1971 laceratum
816 1944 932 1982 vultum,
944 1954 995 1972 non

267 1992 340 2020 illius
350 1992 503 2020 vestimenta
514 1998 608 2019 tencre.
621 1991 676 2020 Sed
685 1992 806 2026 audivit,
819 1991 913 2030 inquit,
922 1993 998 2031 quod

266 2048 366 2066 vocem
388 2037 488 2071 extuli,
514 2043 540 2065 et
563 2037 671 2065 relictis
690 2039 816 2066 vestibus
838 2039 918 2066 abiit.
943 2039 997 2066 Cur

265 2095 327 2123 ergo
341 2094 401 2112 eum
415 2083 532 2111 exuisti?
552 2082 615 2121 quid
643 2083 698 2112 vim
720 2083 830 2122 patienti
851 2083 997 2123 optandum

264 2130 337 2159 erat?
350 2130 387 2158 Ut
402 2129 557 2157 liberaretur
572 2129 605 2156 ab
618 2139 648 2156 eo
663 2129 707 2167 qui
723 2130 773 2158 sibi
788 2129 940 2158 violentiam
956 2129 997 2158 in—

264 2177 351 2204 ferret.
375 2175 432 2213 Ego
454 2185 516 2202 vero
530 2184 580 2202 non
598 2174 658 2203 hinc
672 2182 784 2211 tantum,
797 2175 842 2204 sed
864 2176 943 2205 etiam
965 2187 997 2204 ex

263 2222 432 2262 sequentibus
445 2221 580 2250 ostendere
597 2221 695 2260 possim
711 2223 766 2259 ejus
788 2222 997 2251 benevolentiam

264 2277 289 2298 et
304 2279 429 2297 amorem.
447 2267 552 2295 Etenim
571 2277 632 2295 cum
654 2267 679 2295 in
695 2268 875 2296 necessitatem
891 2269 996 2305 incidit,

268 2323 295 2345 ut
307 2326 412 2344 causam
427 2314 523 2342 diceret
538 2313 648 2342 carceris
660 2320 684 2341 et
696 2312 827 2342 diuturnae
839 2314 865 2342 in
880 2314 925 2342 illo
936 2326 996 2344 mo-

267 2373 314 2397 rae;
331 2371 415 2399 neque
427 2367 489 2388 tune
504 2359 596 2387 drama
615 2358 684 2386 illud
698 2365 723 2386 et
744 2369 799 2387 rem
820 2367 918 2397 gestam
932 2371 996 2399 ape—

268 2407 336 2443 ruit;
350 2407 396 2436 sed
409 2406 474 2445 quid
487 2405 547 2434 ait?
564 2407 604 2434 Et
620 2415 669 2444 ego
686 2405 839 2444 nihilseci,
858 2407 996 2447 sedszcrto

267 2454 396 2483 sublatus
407 2464 469 2481 sum
485 2463 520 2480 ex
531 2459 608 2480 terra
618 2453 811 2481 Hebraeorum.
823 2452 857 2481 Et
868 2464 996 2491 nusquam

270 2506 395 2529 memorat
404 2498 565 2535 adulterain5
577 2508 658 2536 neque
665 2497 697 2526 de
708 2508 736 2525 ea
746 2508 773 2525 re
782 2498 919 2536 gloriatur,
928 2500 997 2537 quod

303 2603 313 2619 ¹¹
333 2601 376 2634 ΙΑ,
391 2606 414 2624 et
428 2609 503 2631 marg.
517 2599 590 2624 Satil.
607 2603 755 2634 {jaff-serenat
768 2602 832 2632 [uss]

1049 1621 1264 1660 εὖεργετηθέντος.
1283 1620 1350 1649 Ἀλλ’
1372 1619 1474 1653 ενίκησε
1496 1622 1577 1647 ταῦτα
1591 1618 1677 1647 πάντα
1695 1620 1708 1646 ὁ
1730 1617 1806 1650 πόθος

1048 1681 1092 1698 και
1106 1670 1122 1703 ἡ
1137 1668 1227 1707 χάρις,
1238 1668 1269 1702 ἣν
1283 1669 1296 1695 ὁ
1310 1667 1376 1699 Θεὸς
1394 1666 1470 1694 αὐτοῦ
1491 1664 1608 1704 κατέχεε.
1627 1663 1703 1693 Μετὰ
1718 1662 1744 1692 δὲ
1746 1665 1807 1711 Ντῆς

1049 1716 1154 1755 χάριτος
1172 1726 1215 1743 και
1229 1716 1275 1748 τῆς
1293 1713 1396 1752 ἀγάπης
1410 1712 1505 1747 ταύτης
1527 1724 1572 1740 και
1593 1709 1724 1749 τεκμήρια
1738 1712 1806 1748 εἶχεν

1050 1762 1077 1790 οὐ
1089 1760 1183 1800 μικρὰ,
1198 1773 1220 1788 ει
1231 1761 1448 1798 οικαιολογεισθαι
1466 1757 1602 1792 ε’ὅουλετο,
1616 1755 1724 1785 αὐτὰτὰ
1742 1755 1807 1793 ἱμά·

1050 1819 1102 1836 τια.
1116 1808 1148 1835 Εἰ
1161 1807 1210 1845 γὰρ
1224 1805 1287 1840 αὐτὴ
1300 1801 1332 1840 ἧν
1344 1808 1360 1839 ἡ
1375 1807 1524 1843 βιασθεῖσα,
1541 1804 1584 1833 τὸν
1604 1805 1704 1842 χιτῶνα
1729 1802 1808 1835 αὖτ’ἧς

1051 1854 1237 1892 περιεῤῥῆχθαι
1250 1851 1315 1887 ἔδει,
1332 1851 1378 1886 τὴν
1402 1850 1459 1889 ὄψιν
1483 1848 1697 1887 κατεσπαράχθαι
1709 1869 1716 1883 ,
1731 1848 1759 1876 οὗ
1774 1845 1807 1874 τὰ

1051 1898 1146 1927 ἐκείνου
1159 1897 1277 1936 κατέχειν
1289 1897 1390 1934 ἱμάτια.
1403 1896 1470 1924 Ἀλλ’
1481 1894 1678 1934 ἥκουσε,φησ“ιν,
1689 1893 1730 1922 ὅτι
1739 1893 1808 1930 ὕψω-

1053 1957 1086 1974 σα
1109 1944 1156 1978 τὴν
1178 1943 1275 1982 φωνὴν,
1299 1943 1343 1971 καὶ
1366 1942 1517 1971 καταλιπὼν
1542 1941 1576 1970 τὰ
1601 1940 1693 1978 ἱμάτια
1716 1941 1808 1974 αὐτοῦ,

1053 1991 1163 2025 ἀπῆλθε.
1176 1989 1253 2021 Τίνος
1267 1984 1309 2017 οὖν
1324 1988 1407 2016 ἕνεκεν
1429 1987 1473 2016 καὶ
1488 1987 1617 2019 ἀπέδυσας
1626 1998 1634 2021 ;
1647 1985 1672 2014 τί
1691 1985 1742 2024 γὰρ
1757 1997 1807 2014 πα-

1053 2037 1130 2075 θούσῃ
1148 2035 1205 2074 βίαν
1221 2035 1353 2074 ἀγαπητὸν
1365 2030 1409 2069 ἧν;
1421 2035 1445 2062 Τ
1448 2034 1461 2062 ὸ
1485 2033 1669 2070 ἀπαλλαγῆναι
1687 2034 1731 2060 τοῦ
1752 2031 1808 2059 ἐνο-

1052 2084 1182 2122 χλοῦντος.
1200 2081 1270 2120 Ἐγὼ
1291 2081 1317 2109 δὲ
1341 2082 1386 2109 οὐκ
1407 2081 1520 2108 ἐντεῦθεν
1537 2078 1624 2117 μόνον,
1641 2077 1707 2106 ἀλλὰ
1721 2077 1764 2106 καὶ
1779 2078 1808 2106 ἐκ

1052 2132 1102 2157 τῶν
1119 2128 1183 2166 μετὰ
1201 2131 1284 2156 ταῦτα
1299 2127 1378 2160 δεῖξαι
1392 2126 1535 2163 δυνήσομαι
1551 2126 1627 2153 αὐτοῦ
1647 2123 1693 2159 τὴν
1709 2123 1808 2152 εὔνοιαν

1053 2175 1096 2204 καὶ
1118 2175 1164 2210 τὴν
1184 2174 1297 2213 ἀγάπην.
1314 2173 1365 2202 Καὶ
1384 2172 1433 2212 γὰρ
1453 2171 1495 2200 ὅτε
1511 2173 1546 2204 εἷς
1570 2170 1684 2209 ἀνάγκην
1707 2169 1810 2198 ἐνέπεσε

1052 2225 1096 2250 τοῦ
1110 2221 1155 2256 τὴν
1168 2220 1252 2249 αἰτίαν
1276 2221 1355 2248 εἰπεῖν
1369 2222 1413 2247 τοῦ
1433 2216 1611 2257 δεσμωτηρίου
1632 2216 1676 2244 καὶ
1695 2217 1741 2250 τῆς
1757 2216 1810 2243 ἐκεῖ

1053 2268 1201 2308 διατριὸἦς,
1215 2265 1271 2295 οὐδὲ
1281 2265 1339 2294 τότε
1352 2264 1434 2298 ἐξεῖπε
1445 2263 1474 2292 τὸ
1494 2264 1595 2302 δρᾶμα,
1613 2261 1679 2290 ἀλλὰ
1694 2261 1719 2289 τί
1731 2272 1809 2300 φησι;

1053 2314 1104 2343 Καὶ
1120 2313 1170 2352 ἐγὼ
1181 2314 1227 2341 οὐκ
1243 2311 1353 2347 ἐποίησα
1366 2311 1447 2346 οὐδὲν,
1463 2309 1529 2338 ἀλλὰ
1549 2310 1633 2347 κλοπῇ
1648 2308 1764 2342 ἐκλᾶπην
1779 2308 1809 2334 ἐκ

1053 2363 1100 2399 γῆς
1114 2359 1244 2398 Ἓὸραίων
1257 2370 1263 2376 ·
1279 2358 1323 2386 καὶ
1344 2357 1456 2394 οὐδαμοῦ
1477 2356 1606 2393 μέμνηται
1627 2356 1673 2389 τῆς
1688 2353 1808 2393 μοιχαλί-

1054 2409 1095 2439 δος
1105 2428 1111 2440 ,
1126 2405 1183 2435 οὐδὲ
1197 2404 1390 2437 καλλωπίζεται
1402 2402 1446 2431 ἐπὶ
1459 2403 1496 2440 τῷ
1510 2401 1663 2441 πράγματι,
1680 2401 1693 2429 ὃ
1707 2404 1757 2432 πᾶς
1769 2411 1809 2431 τις

1053 2449 1096 2482 οὖν
1110 2452 1139 2480 ἂν
1155 2451 1257 2485 ἔπαθεν,
1269 2452 1291 2478 εἰ
1302 2450 1345 2478 καὶ
1357 2449 1392 2487 μὴ
1405 2447 1552 2487 φιλοτιμίας
1563 2446 1657 2481 ἕνεκεν,
1672 2447 1729 2476 ἀλλ’
1741 2445 1808 2474 ὥστε

1055 2498 1091 2536 μὴ
1108 2497 1177 2531 δόξαι
1199 2501 1312 2535 πονηρᾶς
1325 2494 1409 2523 ἕνεκεν
1424 2493 1507 2525 αἰτίας
1522 2495 1557 2525 εἷς
1578 2493 1607 2522 τὸ
1618 2492 1715 2530 οἴκημα
1731 2491 1807 2529 ἐμῧε-

1093 2609 1102 2619 ‘
1122 2601 1203 2631 [μάνου
1216 2597 1284 2622 abest.
1298 2597 1321 2621 in
1337 2598 1364 2620 Α.
1381 2597 1418 2627 R]
1486 2607 1494 2627 ,ι
