1891 2866
507 178 537 200 ΙΝ
570 177 674 200 EPiST.
706 177 727 198 1.

76 241 172 271 τούτων
189 242 266 275 ζωῆς.
281 239 365 268 Ποίαν
383 234 425 268 οὖν
437 239 521 277 λέγεις
532 238 637 275 ἡδονὴν,
649 238 705 267 εἶπέ
719 249 779 276 μοι,
795 237 842 272 τὴν

77 287 130 316 ἀπὸ
140 288 187 321 τῆς
202 286 295 325 μίξεως
304 308 312 321 ,
324 285 371 320 τὴν
385 285 544 324 πρόσκαιρον
557 285 602 313 καὶ
615 287 740 324 βραχεῖαν
753 296 760 320 ;
775 283 843 313 Ἀλλ’

77 333 169 366 εὐθέως
183 333 280 368 ταύτην
295 332 408 369 πόλεμος
423 331 667 369 ἐπικαταλαμὸάνει
684 330 727 359 καὶ
740 329 845 367 κύματα

78 381 122 408 καὶ
138 380 220 409 λύττα
241 380 286 408 καὶ
306 378 387 417 μανία
409 378 488 406 πάλιν
505 380 520 412 ἡ
536 377 613 412 αὐτή.
629 377 682 406 Καὶ
702 380 786 406 ταῦτα
799 375 846 414 μὲν

77 429 141 465 ἡμῖν
163 426 280 465 εἴρηται,
296 427 331 457 ὡς
352 425 383 453 ἄν
401 437 440 457 τις
461 424 527 457 νέοις
543 423 724 462 διαλεγόμενος
747 422 847 451 ἀκολά-

78 485 150 505 στοις
163 472 247 506 εἷποι,
261 472 290 500 οὗ
312 471 409 511 σφόδρα
426 470 593 508 ἀνεχομένοις
615 472 666 499 τῶν
687 469 748 509 περὶ
770 471 846 508 βασι-

79 519 151 553 λείας
166 519 210 548 καὶ
224 519 329 557 γεέννης
343 520 452 547 ἀκοῦσαι
467 517 552 555 λόγων
565 529 570 534 ·
586 517 648 545 ὅταν
664 516 691 545 δὲ
704 516 749 545 καὶ
765 519 847 544 ταῦτα

79 568 114 599 εἷς
125 566 204 604 μέσον
221 565 372 604 ἀγάγωμεν,
387 563 445 592 οὐδὲ
461 564 558 592 ἔνεστιν
576 564 656 592 εἰπεῖν
672 563 719 598 ὅση
730 564 781 591 τῶν
799 574 847 591 σω-

78 611 238 651 φρονούντων
255 614 271 646 ἠ
297 610 391 646 ἡδονὴ,
407 610 469 639 ὅταν
496 609 650 646 ἀναπλάττῃ
676 610 738 648 παρ’
763 609 847 645 ἑαυτῷ

77 657 136 690 τοὺς
148 658 304 696 στεφάνους,
320 656 354 685 τὰ
370 656 480 696 βραέεἷα
493 679 500 691 ,
513 656 560 691 τὴν
575 655 642 694 μετὰ
657 657 707 684 τῶν
730 654 847 693 ἀγγέλων

78 704 193 742 ὁμιλίαν,
208 703 255 739 τὴν
283 703 327 732 ἐπὶ
351 705 398 737 τῆς
425 702 577 739 οἰκουμένης
602 701 777 741 ᾱάνάῤῥησιν,
798 699 846 734 τὴν

78 751 238 790 παῤῥησίαν,
254 749 300 782 τὰς
311 749 429 788 χρηστὰς
442 749 487 777 καὶ
501 748 643 780 ἀθανάτους
657 747 764 780 ἐλπίδας
778 746 847 775 ἐκεί-

77 809 132 830 νας.
144 797 212 826 Ἀλλ’
226 799 241 831 ἡ
259 796 326 834 μίξις
341 796 396 835 ἔχει
416 796 475 825 τινὰ
489 795 584 831 ἡδονήν
596 807 602 813 ·
618 797 694 824 τοῦτο
709 794 759 833 γὰρ
784 806 845 823 συν-

78 845 147 882 εχῶς
172 842 387 883 περιστρέφουσιν
401 854 407 859 ·
432 845 446 871 ὁ
472 842 498 870 δὲ
524 843 662 881 σωφρονῶν
686 842 714 870 οὐ
740 840 847 869 δύναται

80 889 206 924 διηνεκῶς
219 889 370 928 μαχόμενος
385 891 416 927 τῇ
433 890 479 923 τῆς
498 887 597 927 φύσεως
611 886 753 926 τυραννίδι.
768 887 851 915 Τούν-

79 935 164 964 αντίον
181 935 227 973 μὲν
243 931 287 964 οὖν
301 935 369 974 εὕροι
381 947 420 967 τις
435 935 465 963 ἄν
478 946 483 951 ·
497 937 513 969 ἡ
533 934 584 972 γὰρ
603 933 647 971 βία
663 932 728 967 αὕτη
743 932 787 961 καὶ
803 944 848 960 τα-

79 981 147 1021 ραχὴ
159 981 232 1020 παρὰ
246 983 283 1020 τῷ
295 980 445 1021 πορνεύοντι
464 980 563 1017 μᾶλλόν
579 981 643 1008 ἐστι.
658 979 710 1007 Καὶ
721 978 772 1017 γὰρ
787 978 847 1006 κλό-

77 1039 118 1060 νος
134 1028 160 1056 ἐν
171 1029 209 1067 τῷ
224 1026 327 1065 σώματι
343 1025 424 1059 πολὺς
434 1048 441 1061 ,
462 1025 507 1053 καὶ
519 1025 606 1058 πάσης
617 1024 748 1059 θαλάττης
759 1036 847 1062 κυμα-

75 1073 203 1111 τουμένης
224 1072 409 1112 χαλεπώτερον
444 1068 517 1104 οὗτος
549 1070 696 1105 διάκειται,
723 1070 845 1099 οὐδέποτε

75 1120 140 1159 πρὸς
159 1118 207 1155 τὴν
221 1118 360 1156 ἐπιθυμίαν
379 1118 535 1156 ἱστάμενος,
558 1117 616 1146 ἀλλ’
630 1116 670 1145 ἀεὶ
687 1116 846 1155 βαλλόμενος

75 1166 119 1194 ὑπ’
131 1167 210 1200 αὖτ’ἧς
221 1187 228 1200 ,
249 1164 339 1203 ὥσπερ
354 1166 377 1193 οἱ
393 1165 582 1202 δαιμονῶντες,
597 1163 641 1192 καὶ
657 1165 772 1201 συνεχῶς
795 1163 845 1192 ὑπο

820 1210 843 1225 “i

76 1213 127 1239 τῶν
151 1212 272 1252 πονηρῶν
295 1210 536 1250 καταρρηγνύμενοι
566 1210 731 1248 πνευμάτων.
756 1208 789 1238 Ὁ
818 1221 844 1238 ο-

75 1256 185 1298 σώφρων
212 1256 330 1297 καθάπερ
350 1255 469 1297 ἀριστεὺς
488 1261 604 1295 γενναῖος
629 1258 744 1295 συνεχῶς
764 1255 843 1290 αὐτὴν

76 1303 191 1341 βάλλων,
205 1303 252 1339 τὴν
272 1303 380 1342 ἀρίστην
396 1303 440 1331 καὶ
453 1302 552 1342 μυρίων
567 1302 688 1331 τοιούτων
701 1302 768 1338 ἡδίω
780 1313 845 1341 καρ-

75 1352 168 1378 ποῦται
179 1349 284 1386 ἡδονὴν,
295 1352 326 1389 τῇ
341 1350 401 1389 νίκη
417 1349 498 1388 ταύτῃ
519 1349 564 1378 καὶ
582 1351 619 1389 τῷ
636 1351 746 1388 χρηστῷ
761 1361 843 1377 συνει-

75 1395 130 1425 δότι
144 1396 189 1424 καὶ
199 1401 252 1428 τοῖς
263 1398 395 1435 λαμπροῖς
403 1396 536 1436 τροπαίοις
548 1394 775 1433 καλλωπιζόμενος
786 1396 844 1430 διη-

74 1444 164 1474 νεκῶς.
190 1443 223 1471 Ei
239 1442 265 1471 δὲ
284 1442 351 1481 μετὰ
373 1443 421 1478 τὴν
436 1442 540 1481 ὁμιλίαν
563 1441 726 1470 ἀναπαύεται
750 1442 842 1481 μικρὸν

76 1489 191 1524 ἐκεῖνος,
219 1489 291 1518 οὐδὲν
307 1492 384 1518 τοῦτο
406 1489 436 1517 ἂν
461 1489 517 1524 εἴη·
533 1488 612 1517 πάλιν
629 1488 680 1526 γὰρ
705 1491 718 1516 ὅ
741 1489 843 1527 χειμὼν

74 1534 172 1570 ἔπεισι,
187 1535 232 1564 καὶ
246 1535 324 1563 πάλιν
339 1535 452 1573 κύματα.
468 1535 502 1563 ‘O
517 1535 544 1563 δὲ
567 1536 712 1574 φιλοσοφῶν
728 1535 784 1563 οὐδὲ
798 1537 843 1573 ἀρ-

76 1580 128 1620 χὴν
145 1580 238 1620 ἀφίησι
251 1581 348 1617 ταύτην
361 1582 452 1610 λαίεὶν
466 1582 514 1617 τὴν
529 1581 662 1620 ταραχὴν,
679 1581 736 1610 οὐδὲ
755 1581 844 1609 διανα-

75 1630 169 1662 στῆναι
183 1628 213 1656 τὸ
227 1627 349 1666 πέλαγος,
362 1627 420 1657 οὐδὲ
433 1630 527 1666 βοῆσαι
541 1627 571 1655 τὸ
586 1627 683 1666 θηρίον.
699 1627 732 1655 Εἰ
748 1626 776 1655 δέ
787 1638 845 1655 τινα

76 1674 135 1712 βίαν
150 1674 275 1712 ὗπομένοι
289 1674 407 1713 κατέχων
418 1674 465 1709 τὴν
478 1673 601 1709 τοιαύτην
614 1672 709 1712 ὁρμὴν,
723 1673 790 1702 ἀλλὰ
801 1673 845 1701 καὶ

74 1723 170 1753 ἐκεῖνος
182 1722 297 1760 συνεχῶς
319 1720 479 1759 βαλλόμενος
492 1720 538 1749 καὶ
559 1719 726 1757 κεντούμενος
741 1719 786 1748 καὶ
801 1720 844 1748 τὸν

74 1763 176 1807 οἶστρον
191 1767 219 1795 οὗ
232 1766 331 1806 φέρων·
347 1767 392 1795 καὶ
414 1766 559 1806 παρόμοιον
574 1765 673 1804 γίνεται
686 1787 693 1799 ,
709 1765 799 1805 ὥσπερ
815 1765 844 1794 ἂν

73 1813 153 1842 ἵππον
172 1813 261 1851 ἄγριον
284 1812 438 1850 μαινόμενον
451 1812 495 1841 καὶ
510 1812 688 1841 ἀντιτείνοντα
705 1812 795 1850 ἀνέχοι
808 1814 845 1850 τῷ

73 1861 188 1900 χαλινῷ,
203 1859 248 1888 καὶ
265 1861 374 1898 κατέχοι
392 1858 459 1897 μετὰ
477 1859 571 1897 τέχνης
592 1858 696 1892 ἁπάσης
708 1870 714 1875 ·
730 1861 744 1886 ὁ
759 1857 786 1887 δὲ
801 1859 846 1886 ε’ν-

74 1906 146 1942 δοὺς,
160 1906 228 1935 ὥστε
249 1905 293 1934 τὸν
310 1905 386 1934 πόνον
402 1907 491 1934 τοῦτον
513 1909 611 1944 φυγεῖν,
636 1904 776 1944 συρόμενος
799 1906 843 1934 ὑπ’

74 1954 152 1981 αὐτοῦ
166 1956 301 1992 πανταχοῦ
313 1951 423 1991 φέροιτο.
435 1953 460 1981 Τ
462 1954 527 1980 αὔτα
540 1953 562 1980 εἰ
574 1951 619 1980 καὶ
631 1951 789 1991 σαφέστερον
800 1955 845 1980 τοῦ

74 1999 174 2031 δέοντος
198 1998 313 2037 εἴρηται,
335 1998 426 2036 μηδεὶς
454 1997 613 2036 ἐγκαλείτω·
638 1997 665 2025 οὔ
687 1997 737 2038 γὰρ
759 1997 843 2036 λόγων

69 2044 216 2082 ’σεμνότητι
239 2044 449 2078 καλλωπίζεσθαι
475 2044 617 2083 βούλομαι,
645 2044 713 2073 ἀλλὰ
735 2047 844 2080 ποιῆσαι

75 2090 185 2129 σεμνοὺς
198 2090 256 2124 τοὺς
268 2089 417 2124 ἀκούοντας.

114 2279 166 2308 Διὰ
186 2283 261 2308 τοῦτο
285 2279 330 2308 καὶ
350 2281 373 2308 οἱ
387 2281 519 2319 προφῆται
535 2278 634 2312 οὐδενὸς
653 2281 703 2308 τῶν
721 2280 843 2310 τοιούτων

75 2325 205 2364 φείδονται
218 2325 351 2364 ῥημάτων,
367 2325 412 2361 τὴν
427 2325 570 2354 ἀκολασίαν
585 2328 636 2355 τῶν
648 2326 781 2355 Ἰουδαίων
797 2328 844 2355 ἕκ-

75 2371 154 2410 κόψαι
173 2372 340 2410 βουλόμενοι,
355 2372 423 2401 ἀλλὰ
436 2372 480 2400 καὶ
493 2372 651 2412 γυμνότερον
668 2374 753 2402 αὐτῶν
766 2375 843 2402 καθι-

76 2420 214 2454 κνοῦνται,
231 2417 248 2453 ἢ
270 2421 346 2457 ἡμεῖς
366 2421 409 2447 νῦν
430 2420 469 2457 ἐφ’
491 2414 528 2451 οἶς
554 2419 708 2458 εἰρήκαμεν.
728 2419 780 2448 Καὶ
794 2419 845 2459 γὰρ

78 2464 164 2503 ἰατρὸς
175 2464 304 2500 σηπεδόνα
318 2465 439 2494 ἐκὸαλεῐν
457 2465 625 2504 βουλόμενος,
642 2467 669 2495 οὐ
686 2470 777 2495 σκοπεῖ
791 2468 846 2498 πῶς

113 2564 123 2580 ·¹
145 2563 241 2594 [iidem
256 2563 406 2598 ἀνανήρνξιν]

759 176 776 197 Λ
785 176 803 197 D
829 176 890 197 COR
899 190 905 196 .

937 175 1055 197 nomi..
1087 174 1220 196 xxxvii.
1574 162 1641 206 4υῦ

900 236 973 264 tibus
987 242 1059 270 nota,
1074 235 1191 264 inveniet
1202 234 1317 273 quodvis
1332 234 1432 264 bellum
1445 235 1534 274 plures
1545 234 1644 264 habere

901 281 1033 319 inducias,
1051 293 1132 320 quam
1146 282 1242 310 horum
1254 281 1378 310 miseram
1388 281 1481 310 vitam.
1492 284 1644 318 Quamnam

901 339 963 368 ergo
977 328 1061 365 dicis,
1077 339 1178 367 quaeso,
1195 328 1384 368 voluptatem?
1395 339 1487 356 eamne
1503 339 1561 366 qum
1573 329 1645 368 capi-

866 382 883 404 E
904 382 946 404 tur
960 385 994 403 ex
1006 375 1088 410 coitu,
1105 384 1164 412 quat:
1179 381 1216 402 est
1231 374 1322 403 brevis
1337 381 1360 402 et
1374 374 1577 402 momentanea?
1591 374 1645 403 Sed

903 431 959 450 eam
981 420 1071 449 statim
1083 420 1186 449 bellum
1205 420 1304 460 exeipit
1325 427 1349 448 et
1367 420 1464 448 fluctus
1482 427 1506 448 et
1521 420 1607 448 rabies
1621 427 1646 448 et

902 469 974 498 idem
995 480 1087 497 rursus
1102 469 1186 497 furor.
1202 469 1237 497 Et
1254 469 1310 497 haec
1324 467 1434 506 quidem
1448 478 1463 496 a
1479 467 1555 496 nobis
1571 467 1644 497 dicta

903 523 974 553 sunt,
990 515 1101 555 perinde
1115 522 1194 553 atque
1214 514 1236 543 si
1252 515 1313 553 quis
1328 525 1357 543 ea
1371 514 1473 543 dixerit
1491 513 1645 542 adolescen-

903 563 974 591 tibus
1000 561 1238 601 intemperantibus
1263 568 1288 590 et
1302 560 1462 601 impudicis,
1479 561 1525 599 qui
1540 571 1569 589 ea
1585 571 1644 598 quae

903 609 1031 638 dicuntur
1045 608 1079 637 de
1092 619 1172 648 regno
1183 615 1208 637 et
1224 608 1342 647 gehenna
1356 618 1407 636 non
1423 607 1536 636 libenter
1546 608 1643 636 ferant:

903 657 1009 696 quando
1024 664 1111 686 autem
1127 657 1185 685 liaec
1196 657 1222 685 in
1238 656 1358 685 medium
1382 655 1594 688 adduxerimus,
1613 666 1645 683 ne

857 704 956 742 mdici
979 704 1087 743 quidem
1114 710 1199 744 potest
1222 710 1320 742 quanta
1344 703 1378 731 sit
1400 702 1600 735 moderatorum
1619 709 1644 730 et

866 753 882 773 Λ
901 750 1107 790 temperantium
1129 750 1270 789 voluptas3
1285 749 1393 788 quando
1408 749 1468 787 quis
1487 759 1577 777 secum
1602 759 1645 776 re-

900 803 976 836 putat
988 807 1112 832 coronas,
1123 795 1244 835 praemia,
1258 795 1476 824 consuetudinem
1488 805 1549 823 cuin
1561 804 1645 833 ange-

899 843 944 879 lis,
961 845 987 871 in
1010 844 1135 872 universo
1157 843 1222 871 orbe
1241 849 1316 870 terrm
1337 842 1552 877 celebrationem,
1568 841 1644 870 fidu-

900 889 968 918 ciam
982 896 1008 917 et
1023 889 1130 917 dicendi
1152 889 1313 925 libertatem,
1323 899 1383 927 spes
1394 888 1452 916 illas
1462 888 1544 916 bonas
1555 895 1578 916 et
1591 888 1643 916 iin-

900 937 1032 965 mortales.
1049 938 1082 964 At
1103 936 1187 964 coitus
1211 936 1290 963 hahet
1311 935 1494 974 voluptatem;
1510 935 1560 963 hoc
1573 935 1644 963 enim

899 989 1028 1021 perpetuo
1042 989 1164 1018 versant5
1179 982 1224 1019 qui
1236 992 1299 1010 vero
1311 988 1461 1020 temperans
1474 988 1583 1018 est,non
1594 992 1644 1021 po-

897 1035 948 1057 test
970 1028 1077 1056 assidue
1098 1038 1218 1067 pugnare
1235 1038 1296 1055 cum
1317 1027 1460 1066 tyrannide
1482 1034 1592 1055 naturae.
1611 1030 1645 1056 At

899 1074 1063 1103 contrarium
1078 1073 1211 1102 inveneris
1225 1073 1299 1112 :ipsa
1319 1072 1392 1100 enim
1409 1072 1449 1101 vis
1464 1079 1489 1101 et
1503 1072 1643 1112 perturba-

899 1121 935 1149 tio
947 1128 984 1149 est
999 1120 1084 1159 magis
1099 1119 1172 1160 apud
1183 1130 1244 1147 eum
1256 1121 1303 1157 qui
1318 1126 1458 1147 scortalur.
1469 1119 1557 1147 Multa
1572 1119 1642 1147 enim

899 1175 937 1197 est
953 1168 980 1196 in
995 1178 1105 1208 corpore
1124 1166 1233 1206 agitatio
1246 1178 1252 1202 ;
1268 1173 1292 1195 et
1308 1165 1403 1204 quovis
1419 1165 1559 1194 fluctuanti
1575 1167 1642 1194 mari

899 1214 943 1243 hie
957 1214 1066 1254 gravius
1081 1214 1209 1249 afficitur,
1223 1212 1299 1252 cujus
1316 1222 1462 1250 numquam
1479 1211 1583 1240 sistitur
1597 1223 1643 1240 cu-

863 1262 879 1283 Β
898 1261 1007 1300 piditas,
1021 1260 1067 1289 sed
1081 1260 1115 1288 ab
1128 1256 1157 1288 ea
1171 1258 1432 1298 semperimpetitur‚
1446 1268 1498 1286 non
1513 1269 1588 1287 secus
1603 1265 1643 1287 at-

898 1318 949 1345 que
962 1308 1009 1345 qui
1025 1306 1207 1346 corripiuntur
1217 1316 1230 1333 a
1242 1304 1376 1341 daemone,
1389 1311 1413 1332 et
1427 1303 1534 1332 assidue
1544 1303 1643 1333 discer-

898 1361 1000 1393 puntur
1011 1365 1026 1382 a
1041 1353 1118 1382 malis
1138 1352 1288 1392 spiritibus.
1308 1353 1472 1391 Temperans
1486 1358 1575 1379 autem
1590 1362 1642 1380 non

898 1411 973 1429 secus
987 1411 1018 1429 ae
1029 1400 1106 1428 fortis
1120 1399 1219 1428 athleta
1228 1422 1234 1433 ‚
1252 1409 1310 1427 eam
1322 1398 1428 1426 assidue
1442 1397 1538 1426 feriens
1551 1421 1557 1433 ,
1573 1398 1642 1437 opti-

898 1457 971 1475 mam
991 1453 1016 1475 et
1032 1445 1178 1474 innumeris
1195 1444 1351 1484 hujusmodi
1373 1443 1478 1472 deliciis
1492 1444 1642 1483 jucundio—

898 1504 955 1522 rem
969 1493 1082 1532 percipit
1095 1492 1261 1531 voluptatem
1271 1514 1278 1527 ,
1293 1491 1345 1519 hac
1356 1491 1480 1528 victoria,
1494 1491 1564 1519 bona
1576 1502 1643 1519 con-

899 1540 1019 1575 scientia,
1032 1546 1057 1568 et
1069 1539 1203 1578 praeclaris
1218 1537 1323 1577 tropaeis
1340 1544 1468 1576 perpetuo
1480 1543 1598 1565 ornatus.
1613 1537 1642 1565 Si

900 1593 989 1614 autem
1009 1592 1070 1625 post
1089 1594 1258 1623 congressum
1276 1583 1322 1611 ille
1336 1593 1432 1622 parum
1446 1582 1576 1621 quiescit,
1592 1582 1642 1610 hoc

901 1632 969 1661 nihil
980 1632 1187 1660 sueritzrursum
1199 1630 1267 1659 enim
1279 1629 1382 1658 invadit
1393 1636 1536 1668 tempestas
1545 1636 1570 1657 et
1582 1640 1642 1658 rur-

900 1690 960 1708 sum
975 1679 1080 1707 ssuctus.
1095 1677 1150 1713 Qui
1166 1684 1254 1705 autem
1268 1676 1495 1715 philosophatur,
1511 1686 1543 1704 ne
1565 1676 1642 1704 initio

864 1726 881 1749 C
900 1725 1008 1764 quidem
1024 1723 1153 1764 permittit
1173 1729 1202 1751 ut
1223 1723 1281 1751 haec
1296 1733 1323 1750 se
1337 1722 1446 1750 invadat
1462 1722 1640 1761 perturbatio,

900 1783 986 1811 neque
1006 1778 1034 1800 ut
1056 1781 1128 1799 mare
1148 1776 1290 1808 assurgat,
1305 1780 1353 1798 nec
1372 1776 1401 1797 ut
1416 1769 1472 1798 haee
1492 1769 1547 1798 fera
1568 1769 1642 1799 voci-

900 1819 1007 1847 feretur.
1022 1818 1051 1847 Si
1074 1817 1130 1846 vim
1144 1823 1232 1845 autem
1248 1815 1366 1855 patiatur
1380 1815 1407 1843 in
1427 1815 1564 1844 retinendo
1587 1815 1641 1844 im—

899 1873 962 1905 petu
988 1872 1075 1902 tanto5
1101 1871 1127 1892 at
1149 1863 1195 1892 ille
1215 1863 1296 1891 ctiam
1322 1862 1499 1900 libidinosus,
1520 1863 1642 1901 frequen-

900 1919 939 1941 ter
960 1913 1091 1952 pulsatus,
1112 1911 1263 1945 confossus,
1284 1916 1447 1947 oestrnmque
1463 1919 1514 1938 non
1539 1909 1642 1947 serens,

900 1958 972 1987 haud
986 1969 1071 1996 secus,
1083 1967 1163 1996 quam
1181 1956 1203 1985 si
1220 1965 1320 1994 equum
1335 1954 1496 1983 indomitum
1510 1955 1587 1984 freno
1601 1965 1642 1984 re-

899 2005 1002 2042 tineret,
1013 2011 1096 2034 artem
1111 2013 1216 2032 omnem
1229 2001 1360 2030 adhibens
1370 2001 1407 2029 :si
1419 2007 1508 2030 autem
1522 2001 1640 2037 cesserit,

899 2059 925 2080 et
947 2052 1067 2080 laborem
1087 2049 1204 2088 sugerit,
1223 2048 1258 2076 ab
1277 2047 1323 2075 illo
1339 2057 1457 2086 praeceps
1474 2057 1643 2086 quocumque

899 2097 1008 2125 seratur.
1024 2095 1086 2124 Haec
1099 2095 1120 2123 si
1135 2094 1206 2122 dicta
1226 2099 1287 2121 sunt
1302 2091 1421 2131 apertius
1434 2102 1515 2130 quam
1528 2103 1577 2131 par
1596 2093 1642 2128 sit,

900 2152 976 2170 nemo
985 2151 1027 2169 me
1038 2138 1228 2179 reprehendat:
1242 2139 1303 2166 nolo
1313 2136 1384 2166 enim
1395 2136 1501 2165 dicendi
1515 2137 1643 2175 gravitate

900 2197 994 2215 ornare
1016 2185 1178 2219 orationem,
1191 2182 1235 2212 sed
1259 2192 1352 2221 graves
1373 2188 1399 2210 et
1418 2181 1540 2209 honestos
1559 2181 1643 2209 facere

899 2231 1045 2260 auditores.

939 2279 967 2306 4.
979 2278 1122 2315 Propterea
1137 2273 1273 2314 prophetae
1284 2283 1390 2311 quoque
1405 2271 1472 2300 nulli
1487 2270 1642 2310 hujusmodi

899 2323 981 2353 verbo
995 2328 1121 2362 parcunt,
1136 2320 1254 2349 volentes
1269 2318 1424 2349 Judaeoruni
1440 2316 1595 2346 exscindere
1609 2316 1644 2345 li-

899 2370 1019 2399 bidinem
1031 2376 1056 2398 et
1068 2366 1310 2407 intemperantiam,
1324 2365 1369 2394 sed
1382 2376 1425 2393 eos
1438 2371 1549 2403 tangunt
1564 2364 1644 2393 etiam

865 2423 882 2445 1»
900 2417 1030 2457 apertius,
1052 2425 1132 2454 quam
1155 2425 1201 2442 nos
1227 2424 1296 2442 nunc
1321 2413 1347 2440 in
1371 2411 1403 2439 iis
1428 2422 1486 2449 quae
1514 2411 1642 2440 diximus.

903 2463 1024 2494 Medicus
1054 2462 1123 2491 enim
1148 2461 1240 2491 volens
1262 2459 1355 2499 ejicere
1377 2457 1544 2497 putredinem
1555 2480 1563 2497 ,
1592 2468 1642 2486 non
