1865 2871
61 1611 172 1631 virtutum

62 1641 110 1668 rjus
134 1650 203 1669 unago

62 1675 201 1701 depingitur-

65 1949 170 1971 [sah-⁸32.
181 1957 202 1979 7.

227 162 266 195 13
274 174 291 195 >i
557 173 585 194 s.
613 174 751 197 sonnis
777 174 955 197 cnmsosr.

219 232 326 267 dissei-23
342 232 387 261 sed
403 232 490 262 simile
505 240 544 262 est
561 240 586 263 et
607 245 702 274 corpus
717 235 794 264 Pauli
815 243 839 264 et
861 245 957 275 corpus

220 280 365 307 multorum
377 301 386 317 ,
403 278 447 307 sed
460 279 576 318 pericula
587 280 660 309 illius
672 292 768 321 corpus
780 282 832 309 alio
848 292 957 320 corpore

219 325 385 364 splendidius
399 325 519 354 efficiunt
534 338 540 353 ε
558 326 593 355 ita
609 334 634 355 ct
655 327 688 356 dc
702 328 788 356 anima
803 328 954 356 dicendum.

219 370 336 399 Ponatur
353 381 415 409 crgo
429 372 520 400 tabula
542 372 635 407 nubis,
660 374 747 402 anima
762 385 856 413 nempe
871 374 955 402 Pauli.

219 416 282 445 Haec
295 417 386 445 tabula
401 427 485 456 nuper
495 418 601 457 jacebat
613 418 726 456 fuligine
734 419 848 448 obducta
861 443 867 455 ‚
879 419 955 459 plena

218 463 277 491 telis
288 473 444 491 aranearum
457 475 463 491 :
480 464 548 492 nilnl
565 465 635 493 euim
646 472 683 493 est
694 465 859 504 blasphemia
873 466 955 504 pejus.

218 509 289 544 Quia
303 516 391 538 autem
413 510 486 538 veuit
501 510 523 538 is
534 533 541 545 ,
557 511 604 548 qui
620 511 708 539 onmia
727 512 912 548 transformat3
933 518 958 540 et

218 556 287 585 vidit
301 567 353 586 non
366 568 398 586 ex
412 557 518 596 ignavia
529 565 554 586 ct
561 558 679 587 socordia
692 566 726 587 ita
739 559 871 598 depictam
884 570 938 587 esse
949 582 956 595 ‚

218 602 265 631 sed
279 613 313 631 ex
327 603 477 642 imperitia,
493 611 517 632 et
532 604 604 642 quod
619 615 670 632 non
686 605 793 632 liaberet
805 605 881 633 flores
900 605 958 643 pie-

218 650 297 687 tatis;
325 650 412 691 zelum
427 651 526 690 quippe
549 651 678 687 habebat,
701 651 799 679 colores
823 662 885 680 vero
906 661 958 679 non

217 695 343 731 aderam
355 706 406 724 non
419 697 489 724 enim
500 696 585 724 zelum
604 696 749 725 secundum
761 696 899 725 scientiam
910 697 959 725 ha-

218 741 297 770 hebat
311 741 373 769 :dat
384 741 423 769 illi
435 742 526 770 ssorem
537 741 667 778 veritatis,
679 742 707 770 id
724 749 772 777 est⁷
785 743 898 781 gratiam
910 755 916 778 ;
929 753 959 771 ac

218 793 325 825 repente
336 787 437 824 regiam
448 786 563 815 ostendit
578 787 730 826 imaginem.
747 788 869 827 Acceptis
880 800 958 817 nam-

218 842 269 870 que
283 832 418 860 coloribus
428 854 436 869 ,
449 843 510 860 cum
521 832 658 861 didicisset
673 833 719 861 illa
734 844 791 872 quae
802 834 941 873 ignorabat
950 857 959 872 ,

218 887 270 906 non
285 878 450 917 exspectavit
463 885 567 918 tempus
577 901 585 914 ‚
600 879 646 907 sed
660 880 750 908 statim
761 882 878 919 optimus
890 881 959 910 arti-

217 925 264 953 fex
285 925 359 953 visus
374 931 426 961 est;
447 932 471 953 et
492 926 578 964 primo
601 926 718 954 ostendit
738 927 841 965 regium
866 935 959 967 caput,

218 970 357 999 Christum
377 970 544 1010 p1·;edicans;
567 971 666 1000 deinde
689 972 825 1011 reliquum
845 984 959 1012 corpus,

217 1016 290 1054 quod
302 1024 341 1045 est
350 1024 506 1045 accuratum
517 1017 579 1046 vitae
594 1018 758 1047 institutum.
772 1019 889 1047 Pictores
900 1020 960 1057 qui-

218 1061 298 1097 dem,
313 1073 374 1091 eum
383 1074 410 1091 se
425 1063 596 1098 incluserint,
611 1074 672 1092 cum
684 1065 851 1093 accuratione
865 1076 961 1104 magna

217 1115 243 1137 et
258 1109 347 1147 quiete
361 1109 450 1138 omnia
469 1110 584 1144 faciunt,
602 1110 700 1138 nemini
716 1110 783 1139 ostia
795 1112 959 1150 aperientes:

216 1155 261 1184 hic
282 1163 371 1185 autem
397 1156 423 1184 in
453 1156 541 1185 medio
563 1156 627 1185 orbe
650 1157 768 1185 tabulam
792 1168 942 1197 proponens
952 1181 959 1195 ‚

219 1203 346 1231 omnihus
359 1202 600 1231 contradicentibus
613 1225 620 1238 ,
636 1203 863 1232 tumultuantibus
876 1227 883 1239 ,
903 1211 960 1232 tur-

216 1248 356 1283 bantibus,
382 1248 418 1276 ita
437 1248 505 1276 hanc
522 1248 622 1287 regiam
649 1248 793 1287 imaginem
814 1250 892 1285 fecit,
912 1260 959 1279 uec

216 1292 410 1331 prohibebatur
416 1315 423 1327 ,
439 1292 552 1331 ideoque
566 1293 673 1321 dicebat
693 1305 699 1320 :
717 1294 904 1333 Spectaculum
918 1295 959 1322 fa—

215 1338 250 1366 cti
267 1349 358 1367 sumus
373 1338 485 1376 mundo,
500 1339 526 1367 in
538 1339 626 1368 medio
641 1346 716 1368 terrae
729 1347 755 1368 et
769 1340 850 1368 maris
864 1347 889 1368 et
903 1340 959 1368 caeli

214 1391 240 1412 ct
265 1385 346 1413 totius
367 1385 456 1418 orbis,
482 1385 630 1423 mundique
653 1386 733 1425 hujus
747 1393 802 1414 tam
821 1387 956 1415 sensibilis

213 1443 294 1470 quam
318 1432 465 1471 spiritualis
476 1455 484 1469 ,
510 1432 658 1471 depingens
685 1433 842 1472 imaginem.
868 1434 960 1463 Vultis

214 1489 319 1517 quoque
336 1486 442 1507 caeteras
456 1480 513 1517 ejus
529 1487 617 1518 partes
633 1479 724 1508 videre
745 1491 759 1508 a
782 1480 866 1519 capite
877 1491 960 1519 usque

987 175 1069 197 Anci}
1076 176 1081 197 1
1089 175 1126 196 ΕΡ
1133 189 1139 196 .
1169 174 1230 196 (ΖΟΝ
1236 174 1420 196 ΞἸἸΝἹἸΝΟΡ
1427 189 1434 196 .

1010 235 1176 275 φαιδρότερον
1198 234 1350 274 ἐργάζονται
1371 238 1447 264 τοῦτο
1462 235 1572 264 ἐκείνου·
1594 236 1663 264 οὕτω
1677 235 1708 270 δὴ
1730 236 1775 264 καὶ

1009 281 1052 310 ἐπὶ
1067 283 1161 319 ψυχης.
1177 279 1342 308 Ὑποκείσθω
1359 281 1444 309 τοίνυν
1460 283 1473 309 ὁ
1488 281 1565 315 πίναξ
1580 285 1643 319 ἡμῖν
1663 285 1678 317 ἠ
1703 282 1774 321 ψυχὴ

1010 328 1124 356 Παύλου.
1140 323 1224 358 Οἷτος
1236 329 1249 355 ὁ
1263 326 1340 360 πίναξ
1356 327 1440 356 ἔκειτο
1461 328 1550 367 πρῴην
1575 329 1756 366 ησέολωμένος
1767 352 1774 363 ,

1011 373 1142 413 ἀραχνίων
1169 373 1277 411 γέμων·
1308 374 1380 402 οὐδὲν
1405 374 1456 414 γὰρ
1484 376 1653 415 βλασφημίας
1679 379 1774 414 χεῖρον.

1010 419 1120 454 Ἐπειδὴ
1144 419 1170 447 δὲ
1192 415 1269 454 ἦλθεν
1282 421 1295 448 ὁ
1311 420 1397 448 πάντα
1412 422 1619 458 μετασκευάζων,
1642 421 1686 450 καὶ
1709 418 1775 451 εἶδεν

1010 467 1038 493 οὗ
1052 465 1124 504 παρὰ
1140 465 1268 504 ῥαθυμίαν
1284 466 1328 494 καὶ
1345 466 1469 504 βλακείαν
1492 467 1559 495 οὕτω
1584 468 1774 508 διαγραφέντα,

1010 511 1078 539 ἀλλὰ
1094 511 1167 549 παρὰ
1181 510 1312 550 ἀπειρίαν,
1329 511 1373 539 καὶ
1392 512 1421 541 τὸ
1437 512 1473 550 μὴ
1496 513 1565 552 ἔχειν
1585 514 1618 542 τὰ
1643 513 1708 549 ἄνθη
1727 517 1773 550 τῆς

1010 556 1158 589 εὖσεέείας·
1178 557 1254 591 ζῆλον
1269 557 1378 596 μὲνγὰρ
1392 553 1460 597 εἶχε,
1484 559 1518 587 τὰ
1541 559 1568 588 δὲ
1589 559 1720 600 χρώματα
1743 563 1772 590 οὗ

977 608 996 630 D
1011 605 1097 643 παρῆν
1107 615 1113 620 ·
1127 605 1155 632 οὐ
1164 603 1214 642 γὰρ
1225 605 1283 631 κατ’
1293 604 1430 642 ἐπίγνωσιν
1442 605 1484 633 τὸν
1498 607 1573 640 ζῆλον
1586 602 1640 646 εἶχε
1650 619 1656 624 ·
1668 607 1772 637 δίδωσιν

1011 650 1082 688 αὐτῷ
1096 651 1142 684 τ’ἤς
1157 649 1279 684 ἀληθείας
1301 650 1331 679 τὸ
1349 650 1440 686 ἄνθος,
1461 651 1596 686 τουτέστι,
1618 652 1666 689 τὴν
1677 653 1754 694 χάριν
1766 668 1772 674 ·

1012 695 1056 723 καὶ
1081 695 1171 733 ἀθρόον
1194 696 1332 733 ΙΒοισιλικὴν
1353 696 1470 729 ἀπέδειξε
1489 697 1536 732 τὴν
1553 698 1652 728 εἰκόνα.
1677 700 1774 730 Λαὸὼν

1011 741 1062 779 γὰρ
1075 740 1108 769 τὰ
1119 741 1248 780 χρώματα
1257 764 1264 775 ‚
1282 742 1326 770 καὶ
1339 742 1427 779 μαθὼν
1443 742 1509 782 ἅπερ
1522 743 1627 782 ἠγνόει,
1649 747 1696 775 οὐκ
1715 747 1776 776 ἀνέ-

1013 798 1083 825 μεινε
1098 787 1201 826 χρόνον,
1224 789 1281 816 ἀλλ’
1305 788 1397 821 εὐθέως
1417 789 1499 827 ἐφάνη
1518 790 1639 829 τεχνίτης
1663 793 1776 832 ἄριστος.

1012 832 1066 861 Καὶ
1091 835 1194 871 πρῶτον
1215 832 1328 862 δείκνυσι
1348 833 1396 868 τὴν
1419 833 1535 873 κεφαλὴν
1563 837 1712 874 βασιλικὴν,
1733 840 1777 868 τὸν

1012 878 1125 917 Χριστὸν
1138 878 1274 917 κηρύττων
1288 891 1294 896 ·
1307 875 1362 908 εἶτα
1377 880 1421 908 καὶ
1434 881 1463 909 τὸ
1476 881 1566 910 λοιπὸν
1579 884 1656 921 σῶμα
1667 906 1675 919 ,
1690 884 1720 913 τὸ
1731 887 1777 920 τ’ῆς

1012 924 1144 956 πολιτείας
1162 927 1209 958 τῆς
1231 925 1360 965 ἀκριὸοῦς.
1376 928 1410 954 Οἱ
1425 926 1472 964 μὲν
1483 922 1526 955 οὖν
1540 929 1672 968 ζωγράφοι
1697 942 1778 960 κατα-

1012 969 1159 1003 κλείσαντες
1174 971 1294 1007 ἑαυτοὺς,
1316 972 1381 1010 μετὰ
1397 974 1496 1008 πολλῆς
1517 976 1565 1008 τῆς
1587 976 1720 1014 οἷκριὸείας
1733 978 1778 1007 καὶ

1012 1016 1121 1055 ἡσυχίας
1134 1016 1237 1044 ἅπαντα
1251 1018 1420 1055 πράττουσιν,
1437 1019 1519 1047 οὐδενὶ
1538 1019 1584 1052 τὰς
1599 1021 1676 1060 θύρας
1687 1033 1778 1062 παρα-

1013 1061 1156 1100 νοίγοντες·
1174 1058 1246 1095 οὗτος
1266 1062 1291 1091 δὲ
1312 1065 1337 1092 ἐν
1354 1064 1426 1103 μέσῳ
1440 1067 1485 1099 τῆς
1502 1065 1653 1103 οἰκουμένης
1670 1068 1714 1096 τὸν
1728 1068 1777 1097 πί-

1013 1119 1081 1136 νακα
1095 1108 1214 1146 προθεὶς,
1235 1109 1340 1137 πάντων
1361 1110 1572 1147 ἐναντιουμένων,
1589 1112 1776 1152 θορυὸούντων,

979 1155 997 1177 E
1014 1154 1203 1191 ταραττόντων,
1216 1153 1297 1186 οὕτως
1312 1155 1443 1193 εἰργάζετο
1457 1156 1503 1191 τὴν
1522 1158 1660 1194 βασιλικὴν
1678 1159 1776 1196 ταύτην

1014 1199 1100 1227 εἰκόνα
1112 1222 1119 1234 ,
1144 1200 1189 1228 καὶ
1214 1201 1260 1228 οὐκ
1283 1200 1421 1230 ἐκωλύετο.
1436 1201 1484 1230 Διὸ
1505 1202 1550 1230 καὶ
1564 1202 1635 1242 ἔλεγε
1647 1216 1653 1221 ·
1670 1205 1776 1245 θέατρον

1013 1245 1170 1283 ἐγενήθημεν
1188 1247 1226 1284 τῷ
1247 1246 1338 1284 κόσμῳ
1349 1269 1356 1281 ,
1378 1248 1403 1275 ἐν
1423 1247 1495 1286 μέσῳ
1507 1249 1554 1286 *sl-{q
1566 1249 1610 1277 καὶ
1627 1250 1777 1286 θαλάσσης,

1013 1291 1111 1319 καὶτοῦ
1122 1292 1229 1328 οὐρανοῦ
1243 1292 1288 1320 καὶ
1299 1294 1345 1326 τῆς
1358 1293 1510 1330 οἰκουμένης
1523 1294 1627 1330 ἁπάσης
1636 1317 1643 1330 ,
1667 1295 1712 1324 καὶ
1733 1299 1777 1325 τοῦ

1013 1337 1111 1375 κόσμου
1127 1340 1172 1365 τοῦ
1187 1349 1215 1366 τε
1228 1339 1350 1373 αἰσθητοῦ
1364 1341 1408 1367 τοῦ
1419 1350 1447 1367 τε
1457 1343 1559 1376 νοητοῦ,
1570 1340 1617 1376 τὴν
1629 1341 1716 1370 εἰκόνα
1731 1345 1777 1376 ζω-

1012 1386 1127 1422 γραφῶν.
1143 1384 1270 1412 Βούλεσθε
1282 1384 1368 1412 καὶτὰ
1377 1385 1456 1413 λοιπὰ
1469 1386 1535 1424 μέρη
1549 1387 1645 1422 ταύτης
1656 1389 1728 1423 ἰδεῖν,
1742 1389 1776 1418 τὰ

1014 1429 1066 1458 ἀπὸ
1077 1432 1123 1463 τῆς
1138 1431 1254 1468 κεφαλῆς
1268 1429 1356 1465 κάτω;
1372 1430 1388 1464 ἦ
1404 1431 1529 1468 βούλεσθε
1549 1433 1664 1462 κάτωθεν
1676 1435 1720 1463 τὸν
1731 1435 1776 1464 λό-

1013 1486 1057 1513 γον
1081 1475 1253 1514 ἀναγάγωμεν
1265 1487 1272 1510 ;
1301 1476 1358 1505 Θέα
1382 1476 1467 1505 τοίνυν
1489 1479 1629 1517 ἀνδριάντα
1653 1485 1775 1520 χρυσοῦν,

213 1524 338 1553 deorsum
349 1524 362 1552 ἶ)
374 1531 420 1552 aut
433 1524 514 1552 vultis
529 1524 564 1552 ab
585 1525 705 1553 inferiori
722 1532 798 1564 parte
812 1536 959 1555 sermonem
970 1544 1006 1563 ¹13
1015 1523 1113 1559 μᾶλλον
1126 1521 1152 1551 δὲ
1163 1522 1208 1550 καὶ
1219 1522 1310 1550 τούτου
1325 1522 1489 1562 τιμιώτερον,
1511 1525 1554 1553 καὶ
1566 1521 1617 1554 οἷον
1636 1528 1661 1555 ἐν
1677 1529 1777 1568 οὐρανῷ

110 1579 203 1601 Pontice
215 1580 321 1598 sursum
342 1569 529 1598 deducamus?
553 1571 740 1610 Contemplare
761 1581 824 1609 ergo
845 1578 959 1600 statuam
978 1573 998 1594 Α
1014 1568 1120 1596 ἑστάναι
1146 1568 1225 1604 εἶν-ὸς,
1240 1569 1268 1596 Οὔ
1283 1569 1399 1608 μολίὸδῳ
1423 1571 1637 1610 προσδεδεμένον,
1659 1574 1715 1602 οὐδὲ
1739 1574 1776 1602 ἑνὶ

215 1627 321 1644 auream
330 1639 338 1653 ,
349 1616 403 1644 imo
413 1626 443 1644 ea
456 1616 640 1655 pretiosiorem
652 1639 659 1652 ,
675 1617 782 1654 qualem
794 1617 820 1645 in
829 1618 893 1646 caelo
907 1625 959 1646 sta-

214 1673 242 1690 re
257 1673 307 1701 par
322 1669 376 1698 est;
392 1672 444 1690 non
463 1661 574 1701 plumbo
600 1663 735 1699 vinctam,
751 1673 837 1700 neque
858 1674 909 1691 uno
931 1664 959 1692 in

214 1708 272 1737 loco
284 1709 399 1748 positam
411 1720 419 1745 3
433 1708 478 1737 sed
490 1719 504 1736 a
515 1708 663 1737 Jerusalem
675 1720 758 1747 usque
769 1709 804 1737 ad
818 1709 957 1749 Illyricum

215 1763 363 1784 currentem
388 1762 413 1783 ct
441 1756 467 1783 in
491 1755 647 1795 Hispaniam
669 1756 810 1785 abeuntem
824 1779 831 1792 ‚
857 1764 882 1785 et
899 1769 958 1796 quse

215 1801 290 1838 quasi
302 1801 372 1829 alata
389 1812 436 1840 per
449 1801 541 1829 orbem
555 1809 629 1830 terrae
645 1803 755 1830 feratur.
770 1803 843 1837 Quid
857 1803 899 1831 his
913 1815 958 1843 pe-

215 1846 297 1875 dibus
310 1846 369 1875 fieri
386 1847 467 1886 possit
479 1847 623 1886 speciosius
634 1871 641 1883 ,
657 1847 704 1886 qui
724 1855 807 1877 totam
827 1860 887 1887 qum
907 1851 958 1879 sub

215 1893 270 1921 sole
291 1900 330 1921 est
349 1900 445 1922 terram
460 1895 652 1932 pervaserunt?
672 1895 746 1924 Hanc
769 1896 883 1935 speciem
901 1897 958 1936 jam

217 1939 281 1967 olim
296 1939 425 1978 propheta
440 1940 600 1979 praedicavit
613 1941 703 1970 dicens
717 1954 723 1968 :
741 1943 835 1980 Quam
851 1945 958 1982 specio-

216 1988 242 2015 si
254 1987 339 2025 pedes
353 1987 618 2025 evangelizantium
629 1987 753 2026 pacem!
768 1988 867 2018 Viden’
877 2000 958 2028 quam

215 2032 323 2071 pulchri
336 2031 416 2071 pedes
429 2032 501 2060 sint?
516 2033 600 2062 Visne
629 2041 652 2062 et
674 2041 766 2074 pectus
785 2035 893 2063 videre?
906 2037 957 2063 Ac-

216 2078 280 2106 cede
291 2101 297 2113 ,
309 2077 360 2105 hoc
371 2077 450 2105 etiam
463 2078 511 2106 tibi
523 2078 658 2107 ostendam
671 2102 678 2115 ,
696 2087 721 2108 et
735 2080 820 2108 multo
839 2080 958 2120 splendi—

216 2125 278 2153 dius
292 2124 397 2153 videbis
410 2147 417 2159 ‚
435 2135 515 2162 quam
528 2125 607 2164 pedes
621 2126 681 2155 illos
697 2128 843 2167 speciosos,
858 2136 883 2156 et
899 2129 958 2168 ipso

216 2171 315 2199 veteris
329 2170 486 2209 legislatoris
502 2178 614 2209 pectore.
635 2173 743 2212 Moyses
757 2174 866 2212 quidem
882 2175 958 2204 tabu-
978 2202 981 2205 Α

216 2217 255 2245 las
269 2216 381 2255 gestavit
395 2216 532 2255 lapideas;
550 2217 594 2245 hic
609 2229 671 2247 vero
691 2219 763 2248 intus
774 2220 869 2248 habuit
881 2221 958 2249 Chri-

215 2270 299 2297 stum,
311 2262 397 2302 ipsam
406 2262 507 2299 regiam
518 2263 637 2300 gestabat
649 2263 791 2303 imaginem
804 2272 829 2294 et
845 2267 957 2306 propiti-

220 2309 308 2338 atorii.
329 2308 393 2337 Ideo
420 2308 581 2336 Cherubinis
600 2309 781 2339 honorabilior
806 2319 871 2341 erat.
892 2314 950 2341 Non

215 2356 285 2384 enim
296 2355 356 2383 talis
368 2354 428 2383 inde
439 2365 492 2383 vox
503 2355 646 2390 serebatur,
661 2356 745 2393 qualis
752 2357 814 2386 hinc
824 2370 831 2394 ;
843 2358 888 2387 sed
901 2359 958 2387 illic

214 2402 292 2441 plura
313 2401 459 2429 disserebat
480 2400 513 2429 de
527 2401 668 2429 sensilibus
680 2424 687 2437 ‚
703 2413 737 2430 ex
760 2403 852 2441 lingua
869 2412 957 2433 autem

216 2448 295 2476 Pauli
308 2447 341 2475 de
361 2448 440 2476 rebus
455 2458 513 2485 quae
530 2457 611 2486 supra
625 2447 703 2476 caelos
715 2455 777 2476 sunt
790 2461 795 2476 :
807 2455 832 2477 et
847 2461 880 2478 ex
896 2461 959 2489 pro-

1013 1613 1146 1652 ἱδρυμένον
1166 1613 1271 1653 χωρίῳ,
1297 1616 1353 1643 ἀλλ’
1371 1617 1422 1643 ἀπὸ
1436 1616 1609 1656 Ἰερουσαλὴμ
1631 1619 1709 1658 μέχρι
1731 1623 1777 1648 τοῦ

1013 1659 1158 1698 Ἰλλυρικοῦ
1172 1660 1308 1699 τρέχοντα,
1323 1660 1367 1689 καὶ
1380 1663 1416 1693 εἷς
1429 1661 1584 1692 ³‘Iemvt2v
1598 1665 1718 1702 ἀπιόντα,
1731 1666 1777 1694 καὶ

1012 1710 1148 1745 πανταχοῦ
1162 1709 1209 1741 τῆς
1222 1706 1375 1744 οἰκουμένης
1394 1707 1511 1748 καθάπερ
1536 1709 1680 1751 ὑπόπτερον
1696 1713 1778 1751 φερό-

1013 1764 1098 1789 μενον.
1113 1754 1138 1781 T
1141 1752 1149 1781 ι’
1168 1752 1218 1792 γὰρ
1236 1755 1287 1781 τῶν
1302 1754 1388 1782 ποδῶν
1401 1754 1499 1783 τούτων
1513 1756 1668 1795 ὡραιότερον
1682 1758 1776 1796 γένοιτ’

1012 1798 1052 1833 ἂν,
1066 1799 1118 1825 τῶν
1130 1798 1233 1827 ἅπασαν
1248 1799 1407 1827 ἐπελθόντων
1430 1801 1478 1835 τὴν
1498 1803 1539 1839 ὑφ’
1564 1802 1630 1841 ἡλίῳ
1653 1802 1777 1840 κειμένην

1010 1845 1059 1881 γῆν
1070 1856 1078 1879 ;
1096 1844 1203 1878 Ταύτην
1219 1843 1265 1879 τὴν
1280 1844 1429 1882 ὡραιότητα
1442 1846 1486 1874 καὶ
1503 1848 1516 1874 ὁ
1528 1847 1665 1886 προφήτης
1679 1848 1777 1877 ἄνωθεν

1011 1889 1133 1928 κηρύττει
1147 1890 1227 1928 λέγων
1242 1902 1248 1907 ·
1264 1890 1310 1923 Ὡς
1321 1892 1413 1929 ὡραῖοι
1425 1893 1448 1919 οἳ
1461 1891 1538 1925 πόδες
1549 1895 1601 1921 τῶν
1614 1895 1776 1933 εὐαγγελιζο-

1012 1935 1096 1973 μένων
1112 1936 1231 1974 εἷρήνην;
1246 1932 1321 1968 Εἶδες
1331 1939 1387 1969 πῶς
1399 1938 1474 1966 καλοὶ
1489 1941 1512 1967 οἱ
1523 1939 1614 1976 πόδες;
1629 1941 1722 1974 Θέλεις
1733 1941 1778 1970 καὶ

1011 1982 1041 2010 τὸ
1055 1984 1147 2017 στῆθος
1162 1982 1236 2017 {Satn
1252 1981 1334 2021 Δεῧρό
1351 1994 1392 2011 σοι
1404 1983 1477 2016 δείξω
1489 1984 1534 2013 καὶ
1548 1987 1639 2021 τοῦτο,
1654 1986 1698 2015 καὶ
1710 1988 1779 2015 πολ-

1011 2029 1049 2067 λῷ
1060 2028 1241 2068 λαμπρότερον
1257 2029 1314 2068 ὄψει
1327 2031 1377 2057 τῶν
1389 2030 1474 2058 ποδῶν
1489 2030 1588 2059 τούτων
1600 2034 1651 2060 τῶν
1663 2032 1777 2072 ὡραίων,

977 2083 994 2105 Β
1012 2074 1056 2103 καὶ
1068 2075 1152 2103 αὐτῶν
1163 2077 1214 2103 τῶν
1226 2078 1270 2103 τοῦ
1281 2075 1394 2103 παλαιοῦ
1407 2075 1545 2113 νομοθέτου
1560 2077 1682 2117 στέρνων.
1697 2080 1779 2107 Menu-

1012 2122 1059 2155 σῆς
1071 2119 1116 2158 μὲν
1131 2119 1182 2159 γὰρ
1197 2119 1299 2152 πλάκας
1311 2120 1438 2153 {Coie-:0115
1448 2122 1559 2155 λιθίνας·
1574 2118 1646 2156 οὗτος
1661 2123 1688 2153 δὲ
1701 2126 1778 2154 αὐτὸν

1012 2166 1110 2195 ἔνδοθεν
1122 2162 1177 2205 εἶχε
1188 2166 1232 2195 τὸν
1248 2166 1371 2206 Χριστὸν,
1383 2166 1463 2202 αὐτὴν
1475 2167 1523 2203 τὴν
1536 2170 1570 2207 βα
1591 2170 1675 2205 ιλικὴν
1690 2171 1778 2211 ἔφερεν

1013 2212 1100 2241 εἰκόνα
1112 2212 1157 2241 καὶ
1172 2216 1217 2242 τοῦ
1228 2213 1380 2252 ἱλαστηρίου
1391 2225 1397 2231 ·
1411 2214 1454 2243 διὰ
1467 2219 1543 2244 τοῦτο
1558 2227 1602 2244 και
1612 2219 1665 2246 τῶν
1679 2217 1779 2256 Χερου-

1014 2259 1063 2297 filia.
1078 2258 1231 2299 σεμνότερος
1251 2255 1292 2294 ἦν.
1309 2260 1349 2288 Οὐ
1369 2260 1420 2300 γὰρ
1433 2261 1538 2297 τοιαύτη
1554 2262 1659 2303 ἐφέρετο
1681 2264 1777 2293 ἐκεῖθεν

1014 2304 1085 2344 φωνὴ
1099 2327 1106 2339 ,
1122 2304 1163 2332 οἵα
1174 2307 1298 2341 ἐντεῦθεν,
1312 2306 1370 2334 ἀλλ’
1383 2307 1479 2334 ἐκεῖθεν
1492 2306 1538 2344 μὲν
1549 2307 1583 2336 τὰ
1597 2308 1704 2337 πλείονα
1718 2310 1778 2350 περὶ

1014 2352 1144 2385 αἰσθητῶν
1157 2351 1284 2389 διελέγετο
1293 2374 1300 2387 ,
1312 2352 1364 2380 ἀπὸ
1375 2352 1400 2380 δὲ
1411 2354 1457 2386 τῆς
1468 2352 1574 2382 Παύλου
1588 2354 1706 2392 γλώττης
1717 2356 1778 2394 περὶ

1013 2403 1065 2429 τῶν
1080 2400 1145 2440 ὑπὲρ
1156 2401 1215 2433 τοὺς
1226 2400 1348 2440 οὐρανοὺς
1363 2401 1526 2441 πραγμάτων
1534 2414 1540 2419 ·
1552 2402 1596 2431 καὶ
1609 2403 1661 2432 ἀπὸ
1673 2404 1720 2442 μὲν
1733 2409 1778 2434 τοῦ

1013 2451 1165 2490 ἱλαστηρίου
1176 2450 1311 2483 Ἰουδαίοις
1327 2451 1487 2490 ἐχρημάτιζε
1503 2452 1606 2490 μόνοις,
1619 2455 1735 2483 ἐντεῦθεν
1750 2454 1777 2484 δὲ

249 2552 258 2563 ⁷·
277 2544 397 2576 [immin-2
410 2554 456 2577 pro
468 2550 563 2572 Σπανίαν
577 2546 604 2570 Α,
619 2545 647 2569 13.
659 2544 780 2571 Eaffldem
800 2546 905 2572 formam
923 2548 1065 2574 reduximus
1077 2549 1227 2573 auctoritate
1240 2547 1361 2572 Codicum
1373 2548 1448 2573 Tom.
1466 2550 1488 2579 9,
1504 2558 1529 2582 p.
1541 2549 1649 2583 4¹4‚E.]
