1891 2866
495 188 526 210 ΙΝ
554 188 658 210 Et’ts'r.
691 188 713 210 1.

39 250 130 280 Εἰπὼν
144 250 195 290 γὰρ
214 251 275 290 περὶ
297 251 347 279 τῶν
362 251 499 288 γλωσσῶν,
524 249 568 278 ἐπὶ
579 248 626 285 τὴν
645 247 807 289 προφητείαν

40 297 132 329 εὐθέως
144 296 272 331 enemim,
285 295 330 325 καί
347 307 426 334 φησι·
443 296 495 324 Καὶ
508 294 551 324 ἐὰν
563 294 618 334 ἔχω
632 294 792 335 προφητείαν
802 305 808 311 ·

39 343 85 372 καὶ
99 343 196 378 ταύτην
212 343 289 372 πάλιν
310 344 366 380 μεθ’
386 342 544 380 ὗπερὸολῆς.
559 340 667 381 Ἵὶσπερ
685 341 734 380 γὰρ
756 341 809 369 ἐκεῖ

40 390 69 418 οὗ
83 388 202 428 γλώσσας
225 388 325 424 ἔθηκεν,
341 387 408 416 ἀλλὰ
420 387 467 420 τὰς
480 388 585 416 πάντων
599 390 650 416 τῶν
666 386 809 428 ἀνθρώπιον

41 433 160 472 γλώσσας
171 457 177 468 ,
198 434 242 463 καὶ
266 433 364 472 προϊὼν
387 433 433 466 τὰς
454 435 505 461 τῶν
528 433 656 472 ἀγγέλων,
680 433 726 462 καὶ
751 432 811 462 τότε

41 479 134 513 ἔδειξεν
149 479 222 508 οὐδὲν
234 480 261 508 ὂν
276 480 306 508 τὸ
317 479 437 519 χάρισμα
453 479 558 518 ἀγάπης
567 478 661 518 χωρίς·
683 478 751 507 οὕτω
765 478 811 507 καὶ

43 527 154 554 ἐνταῦθα
173 527 200 554 οὐ
221 525 269 560 τὴν
290 525 452 564 προφητείαν
467 525 555 560 τίθησι
571 524 658 563 μόνον,
677 524 745 553 ἀλλὰ
767 523 812 552 καὶ

43 570 90 606 τὴν
105 571 273 610 ὑψηλοτάτην
289 571 462 610 προφητείαν.
480 570 572 600 Εἰπὼν
586 570 652 610 γὰρ,
672 570 737 599 Ἐὰν
759 571 813 609 ἔχω

43 617 213 657 πρσφητείαν,
227 618 357 656 ἐπήγαγε
372 617 424 646 Καὶ
439 618 499 646 εἰδῶ
510 616 543 646 τὰ
559 617 691 656 μυστήρια
705 616 792 645 πάντα
803 638 811 652 ,

43 663 88 692 καὶ
97 669 185 693 πᾶσαν
198 663 245 699 τὴν
253 666 348 703 γνῶσιν
357 676 362 681 ·
375 665 431 702 μετ’
441 663 586 695 ἐπιτάσεως
594 664 672 695 τιθεὶς
682 663 727 692 καὶ
737 665 814 692 τοῦτο

43 710 73 739 τὸ
89 710 219 749 χάρισμα.

83 895 151 929 Εἶτα
173 899 241 938 μετὰ
263 902 338 929 τοῦτο
367 900 412 929 καὶ
434 899 477 929 ἐπὶ
500 900 533 929 τὰ
554 899 635 928 λοιπὰ
659 898 814 939 χαρίσματα

42 946 188 986 προὸαίνει.
205 946 255 975 Καὶ
274 946 315 974 ἵνα
332 945 367 983 μὴ
383 946 412 974 τὸ
425 947 484 974 καθ’
495 945 605 973 ἕκαστον
626 947 711 974 αὐτῶν
730 945 813 983 λέγων

43 993 106 1032 δοκῇ
121 993 200 1022 πάλιν
211 993 337 1030 ἐνοχλεῖν,
351 991 399 1026 τὴν
414 990 518 1030 μητέρα
530 990 574 1019 καὶ
586 990 673 1028 πηγὴν
689 990 813 1019 ἁπάντων

43 1037 143 1074 τίθησι,
153 1037 198 1066 καὶ
209 1037 290 1072 αὐτὴν
300 1037 380 1065 πάλιν
393 1038 449 1075 μεθ’
463 1036 624 1076 ὑπερὲολῆς,
636 1035 704 1064 οὕτω
720 1035 812 1074 λέγων·

43 1083 96 1113 Καὶ
110 1084 154 1113 ἐὰν
171 1083 224 1122 ἔχω
243 1087 330 1112 πᾶσαν
345 1082 392 1118 τὴν
415 1082 512 1111 πίστιν.
539 1081 590 1111 Καὶ
615 1081 673 1110 οὐδὲ
697 1082 812 1121 ἠρκέσθη

41 1130 139 1170 τούτῳ,
154 1128 222 1158 ἀλλὰ
237 1129 298 1162 καὶ,
313 1128 378 1167 ὅπερ
391 1130 426 1160 ὡς
442 1128 564 1167 μέγιστον
577 1123 648 1156 εἶπεν
659 1131 673 1157 ὁ
685 1128 812 1167 Χριστὸς,

43 1176 88 1205 καὶ
100 1180 176 1206 τοῦτο
191 1175 352 1214 προσέθηκεν
366 1175 447 1203 εἰπών
457 1186 463 1192 ·
475 1174 562 1203 ”Ωστε
575 1174 622 1213 ὄρη
637 1174 812 1212 μεθιστάνειν,

43 1221 148 1261 ἀγάπην
161 1221 188 1250 δὲ
203 1221 240 1259 μὴ
253 1221 321 1260 ἔχω,
335 1220 408 1249 οὐδέν
419 1221 485 1258 εἰμι.
498 1219 551 1249 Καὶ
563 1219 654 1249 σκόπει
667 1222 723 1252 πῶς
732 1220 812 1249 πάλιν

43 1269 174 1296 κάνταῦθα
187 1270 306 1306 καθαιρεῖ
317 1268 368 1295 τῶν
379 1262 506 1305 γλωσσῶν
518 1266 547 1295 τὸ
561 1266 675 1304 ἀξίωμα.
688 1266 753 1295 Ἐπὶ
765 1266 811 1305 μὲν

42 1314 93 1353 γὰρ
107 1316 154 1349 τῆς
165 1312 324 1352 προφητείας
345 1313 458 1341 δείκνυσι
479 1312 544 1341 πολὺ
558 1312 588 1341 τὸ
601 1312 691 1352 κέρδος
713 1312 743 1341 τὸ
766 1314 812 1341 ἀπ’

42 1360 136 1396 αὐτῆς,
151 1359 181 1388 τὸ
194 1358 289 1387 εἰδέναι
303 1358 336 1387 τὰ
349 1358 481 1397 μυστήρια
494 1358 540 1386 καὶ
553 1357 601 1394 τὴν
624 1361 720 1397 γνῶσιν
742 1359 812 1398 ἔχειν

0 1406 1 1427 ἶ
42 1405 157 1441 ἅπασαν,
171 1404 215 1434 καὶ
235 1405 278 1433 ἐπὶ
290 1406 338 1439 τ’ῆς
351 1404 463 1437 πίστεως
478 1404 552 1444 ἔργον
567 1405 595 1433 οὐ
613 1405 715 1444 μικρὸν,
729 1405 760 1434 τὸ
779 1405 812 1433 τὰ

41 1451 88 1490 ὄρη
105 1451 268 1489 μεθιστάνειν
279 1463 284 1468 ·
298 1451 342 1479 ἐπὶ
356 1450 383 1480 δὲ
395 1453 448 1479 τῶν
462 1451 588 1490 γλωσσῶν
604 1451 668 1479 αὐτὸ
683 1451 761 1489 μόνον
774 1453 811 1479 εἷ-

41 1496 99 1525 πὼν
114 1496 144 1524 τὸ
155 1497 276 1536 χάρισμα
285 1519 293 1532 ,
307 1497 469 1536 ἀνεχώρησε.
482 1496 520 1525 Σὺ
533 1496 560 1524 δέ
572 1508 617 1534 μοι
631 1499 737 1536 κάκεῖνο
751 1497 812 1525 σκό-

1 1553 5 1578 ς
42 1555 101 1578 πει,
115 1544 171 1575 πῶς
185 1544 212 1571 ἐν
231 1545 324 1583 βραχεῖ
339 1543 426 1572 πάντα
439 1543 580 1581 περιέλαβε
594 1542 627 1570 τὰ
637 1543 791 1582 χαρίσματα
804 1565 811 1578 ,

1 1585 4 1606 ῗ
42 1588 203 1628 προφητείαν
221 1589 301 1617 εἰπὼν
320 1589 364 1617 καὶ
386 1589 488 1618 πίστιν·
502 1589 518 1623 ἢ
533 1589 584 1628 γὰρ
599 1590 624 1617 ἐν
639 1589 739 1627 λόγοις,
753 1588 770 1623 ἢ
786 1590 812 1617 ἐν

4 1654 5 1659 κ
43 1634 127 1674 ἔργοις
146 1635 203 1663 ἐστὶ
222 1635 255 1664 τὰ
271 1635 400 1672 θαύματα.
421 1635 473 1664 Καὶ
495 1636 551 1667 πῶς
566 1637 579 1663 ὁ
597 1635 709 1674 Χριστός
724 1647 812 1674 φησιν,

42 1681 201 1720 Ἐλάχιστον
213 1681 291 1721 μέρος
299 1683 345 1715 τ’ῆς
357 1682 469 1713 πίστεως
481 1676 545 1709 εἶναι
556 1681 604 1709 ἧιτὸ
616 1680 740 1709 δύνασθαι
755 1682 813 1720 ὄρος

6 1746 7 1755 ί
44 1730 209 1764 μεταστῆσαι
228 1730 274 1763 (ὡς
292 1727 342 1766 γὰρ
359 1727 497 1766 ἐλάχιστον
517 1727 610 1765 λέγων,
625 1726 706 1759 οὕτως
720 1727 811 1762 ἔθηκεν

42 1773 132 1810 εἰπὼν,
145 1773 208 1803 Ἐὰν
221 1773 300 1812 ἔχητε
313 1772 400 1802 πίστιν
414 1775 450 1806 ὡς
460 1773 554 1802 κόκκον
570 1773 714 1809 σινάπεως,
730 1776 811 1813 ἐρεῖτε

42 1820 80 1858 τῷ
105 1819 160 1858 ὄρει
183 1818 280 1858 τούτῳ,
302 1818 432 1856 μετάὸηθι
443 1840 450 1853 ,
474 1818 519 1846 καὶ
541 1818 740 1856 μεταδήσεται)
755 1820 769 1846 ὁ
784 1818 811 1846 δὲ

8 1889 9 1894 ,
42 1865 148 1898 Παῦλος
161 1869 248 1894 πᾶσαν
262 1863 310 1899 τὴν
326 1864 414 1892 πίστιν
426 1864 523 1899 ταύτην
534 1860 601 1892 εἶναί
616 1876 696 1903 φησι;
715 1864 751 1893 Τί
768 1859 810 1892 οὖν

43 1911 111 1939 ἐστιν
121 1912 219 1946 εἰπεῖν;
236 1911 242 1920 '
255 1910 345 1945 Ξπειδὴ
364 1910 432 1949 μέγα
445 1906 476 1946 ἦν
491 1914 566 1939 τοῦτο
576 1933 583 1946 ,
599 1911 628 1939 τὸ
648 1911 705 1950 ὄρος
726 1922 810 1949 μετα-

0 1960 2 1965 “
43 1958 156 1993 στῆσαι,
174 1957 217 1986 διὰ
231 1960 307 1986 τοῦτο
327 1958 372 1986 καὶ
389 1958 468 1986 αὐτοῦ
488 1957 690 1995 ἐμνημόνευσεν,
707 1959 755 1996 οὐχ
776 1959 811 1990 ὡς

43 2005 121 2032 τοῦτο
142 2003 222 2041 μόνης
245 2003 389 2042 δυναμένης
409 2003 498 2038 πάσης
521 2006 568 2038 τῆς
593 2003 721 2039 πίστεως,
742 2003 810 2032 ἀλλὰ

45 2048 135 2083 ἐπειδὴ
156 2052 231 2078 τοῦτο
247 2049 314 2087 μέγα
330 2044 396 2077 εἶναι
417 2049 500 2078 ἐδόκει
519 2053 573 2081 τοῖς
590 2049 747 2088 παχυτέροις
768 2049 810 2078 διὰ

44 2094 88 2123 τὸν
99 2094 175 2133 ὄγκον
187 2098 231 2123 τοῦ
243 2095 364 2133 σώματος
374 2117 382 2130 ,
400 2097 537 2124 κάντεῦθεν
553 2095 653 2134 ἐπαίρει
666 2096 696 2124 τὸ
707 2096 811 2134 προκεί-

3 2162 5 2166 4
46 2151 133 2177 μενον.
147 2140 184 2169 ⁰0
195 2140 221 2169 δὲ
236 2140 320 2179 λέγει,
334 2141 409 2170 τοῦτό
423 2144 492 2171 ἐστιν
502 2153 508 2159 ·
524 2142 568 2170 ἐὰν
589 2141 642 2180 ἔχω
663 2147 750 2171 πᾶσαν
764 2142 811 2178 τὴν

44 2185 143 2221 πίστιν,
157 2187 202 2214 καὶ
215 2187 259 2215 ἐὰν
280 2187 396 2224 δύνωμαι
411 2187 457 2226 ὅρη
476 2187 647 2224 μεθιστάνειν,
663 2188 767 2227 ἀγάπην
785 2190 811 2218 δὲ

46 2232 82 2269 μὴ
97 2232 166 2272 ἔχει»,
182 2232 254 2262 οὐδέν
265 2234 327 2270 εἶμι.
344 2233 395 2261 Καὶ
404 2233 448 2261 ἐὰν
461 2233 574 2272 ψωμίσω
585 2234 671 2262 πάντα
681 2235 715 2263 τὰ
727 2236 811 2275 ὑπάρ-

44 2279 126 2317 χοντά
141 2291 190 2316 μου
201 2301 208 2313 ,
218 2279 262 2308 καὶ
276 2279 320 2307 ἐὰν
333 2280 444 2319 παραδῶ
455 2279 485 2308 τὸ
496 2280 573 2317 σῶμά
588 2291 636 2318 μου
651 2280 693 2308 ἵνα
711 2282 811 2318 κοιυθήἡ

45 2337 146 2363 σωμαι,
159 2325 263 2364 ἀγάπην
283 2325 309 2354 δὲ
327 2325 363 2363 μὴ
379 2325 432 2365 ἔχω
443 2348 450 2361 ,
465 2326 537 2354 οὐδὲν
551 2326 711 2366 ὠφελοῦμαι.
724 2328 811 2358 Βαὸαὶ

46 2372 93 2405 τ’ἧς
112 2371 270 2410 ὓπερὸολῆς’
286 2372 331 2400 καὶ
343 2372 394 2410 γὰρ
416 2371 461 2400 καὶ
475 2376 557 2401 ταῦτα
574 2372 640 2410 μετὰ
662 2374 814 2413 προσθήκης

47 2417 136 2455 ἑτέρας
158 2418 269 2452 τίθησιν.
286 2419 326 2446 Οὐ
337 2417 388 2456 γὰρ
402 2413 483 2454 εἶπεν,
498 2418 542 2447 ἐὰν
556 2419 592 2447 δῶ
618 2418 629 2433 b
639 2423 693 2452 τοῖς
718 2420 813 2456 πένησι

80 2538 90 2549 ⁸
107 2531 152 2562 [A.
165 2532 191 2556 B.
203 2536 229 2558 τὸ
241 2534 368 2564 δυνάμι-νον,
381 2533 467 2566 male.]

82 2571 94 2588 ¹*
111 2571 172 2601 [τοὶς
191 2572 310 2596 omittunt
331 2573 358 2596 A.
372 2573 398 2596 B.
413 2572 492 2598 Iidem
513 2573 551 2598 bi<
573 2574 597 2598 in
616 2574 692 2600 allato
710 2575 803 2601 biblico

745 187 788 208 AD
815 186 892 208 COR.

923 188 1039 211 uomu„
1070 188 1178 211 xxxu.
1540 177 1609 224 539

864 249 935 278 cavit
948 249 1081 287 ordinem,
1100 256 1264 289 postremum
1273 248 1372 288 posuit,
1396 259 1491 289 nempe
1506 249 1608 277 donum

862 295 1029 335 linguarum,
1040 296 1092 325 hoc
1102 306 1173 324 nunc
1187 295 1306 335 primum
1318 302 1449 329 numerat,
1466 295 1608 334 paulatim,

827 353 845 375 ιι
865 348 904 376 ut,
915 343 987 380 dixi,
1009 342 1044 371 ad
1055 343 1157 381 majora
1180 340 1336 370 ascendens.
1351 342 1420 370 Nam
1435 352 1497 370 cum
1512 341 1546 370 de
1556 342 1610 370 lin-

865 388 925 426 guis
938 388 1062 426 dixisset,
1076 388 1110 417 ad
1126 388 1293 428 prophetiam
1315 398 1378 415 mox
1395 387 1499 424 transit,
1521 395 1545 415 et
1557 388 1592 416 uit
1606 399 1611 414 :

866 437 894 463 2.
911 436 988 464 Etsi
1003 437 1130 464 habuero
1143 435 1347 474 prophetiam;
1371 440 1396 462 et
1409 433 1478 462 hanc
1503 444 1611 462 rursum

867 491 928 509 cum
941 481 1099 521 hyperbole.
1117 481 1194 510 Sicut
1217 480 1288 509 enim
1309 479 1347 508 ibi
1366 479 1472 518 linguas
1493 490 1545 507 non
1565 490 1613 518 po-

867 527 930 564 suit,
946 527 994 556 sed
1007 527 1147 556 hominum
1170 526 1291 555 omnium
1306 525 1425 563 linguas,
1442 531 1467 553 et
1491 535 1614 564 progres-

867 584 912 602 sus
933 573 1012 602 etiam
1026 573 1192 612 angelorum,
1211 579 1235 601 et
1255 579 1319 600 tunc
1333 571 1450 600 ostendit
1460 571 1511 599 hoc
1523 571 1612 599 chari-

868 630 925 648 sma
947 619 1016 648 nihil
1037 630 1092 648 esse
1112 619 1168 648 sinc
1184 618 1294 647 caritate
1306 629 1312 645 ε
1326 618 1364 646 sic
1388 624 1413 646 et
1426 618 1477 645 hoc
1492 617 1550 645 loco
1562 627 1614 645 non

868 666 1038 706 prophetiam
1047 666 1122 705 ponit
1133 672 1247 701 tautum,
1257 664 1305 694 sed
1316 675 1447 693 summam
1457 664 1537 692 etiam
1553 674 1615 703 pro-

869 712 998 752 phetiam.
1014 713 1082 741 Cum
1091 712 1204 741 dixisset
1214 711 1294 747 enim,
1307 711 1338 739 Si
1351 711 1480 739 habuero
1491 711 1614 749 prophe-

870 761 952 794 tiam,
969 758 1110 798 subjunxit
1126 770 1132 785 :
1150 759 1190 786 Et
1206 758 1335 785 noverim
1355 758 1499 793 mysteria
1515 758 1615 784 omnia

869 813 897 835 et
910 816 1023 834 omnem
1034 807 1187 834 scientiam
1195 816 1204 837 ,·
1227 814 1288 832 cum
1300 803 1422 844 emphasi
1434 810 1459 832 et
1471 803 1616 832 intentione

869 852 920 881 hoc
932 852 1013 880 etiam
1024 851 1156 880 charisma
1169 861 1278 890 ponens.

909 899 936 927 4,
951 898 1056 927 Deinde
1076 898 1111 926 ad
1126 898 1229 936 reliqua
1248 896 1410 925 charismata
1432 895 1614 935 progreditur.

873 946 906 974 Et
926 957 958 974 ne
981 946 1087 984 singula
1107 955 1266 974 enumerans
1288 943 1412 972 videatur
1433 955 1539 972 rursum
1556 955 1614 972 mo-

869 991 951 1020 lestus
964 1002 1048 1026 esse,
1063 997 1177 1019 matrem
1192 998 1215 1018 et
1230 990 1329 1018 fontem
1352 990 1472 1018 omnium
1488 991 1573 1028 ponit,
1589 997 1615 1018 et

870 1037 956 1077 ipsam
978 1047 1071 1065 rursus
1097 1047 1158 1064 cum
1182 1035 1344 1075 hyperbole,
1360 1037 1398 1063 sic
1412 1035 1520 1063 dicens:
1534 1037 1575 1064 Et
1589 1039 1615 1064 si

870 1085 998 1112 habuero
1013 1093 1128 1111 omnem
1142 1083 1245 1122 fidem.
1263 1082 1356 1119 Neque
1376 1081 1439 1109 satis
1453 1081 1548 1109 habuit
1565 1081 1615 1109 hoc

869 1129 982 1163 dixisse,
991 1129 1037 1157 sed
1051 1129 1131 1157 etiam
1149 1127 1306 1166 illud‚quod
1323 1133 1352 1155 ut
1368 1126 1518 1155 maximum
1529 1127 1613 1155 Chri-

868 1183 926 1204 stus
934 1175 1018 1213 dixit,
1026 1174 1053 1203 id
1066 1175 1147 1203 etiam
1155 1173 1253 1213 adjecit
1262 1185 1268 1200 :
1278 1175 1327 1202 Ita
1338 1180 1369 1202 ut
1383 1180 1510 1202 montem
1519 1180 1615 1202 trans-

866 1223 975 1261 feram,
992 1223 1147 1249 caritatem
1170 1226 1270 1248 autem
1297 1229 1356 1247 non
1377 1220 1518 1256 habuero,
1538 1220 1615 1247 nihil

867 1279 943 1298 sum.
956 1266 1094 1306 Perpende
1105 1274 1196 1295 autem
1206 1265 1341 1304 quomodo
1353 1265 1398 1294 hic
1407 1276 1499 1294 rursus
1507 1266 1615 1305 lingua-

868 1325 930 1344 rum
943 1313 1102 1352 dignitatern
1121 1311 1240 1351 dejiciat.
1252 1310 1403 1350 Prophetiae
1419 1321 1533 1350 namque
1543 1311 1616 1339 mul-

868 1369 926 1391 tum
935 1361 1050 1390 ostendit
1058 1361 1174 1396 lucrum,
1185 1358 1259 1398 quod
1267 1358 1468 1398 sciatmysteria
1477 1365 1503 1387 et
1510 1369 1617 1387 omnem

867 1408 965 1437 habeat
978 1405 1206 1444 scientiam5fidei
1226 1411 1315 1434 autem
1334 1415 1401 1444 opus
1416 1415 1467 1433 uon
1487 1415 1614 1444 parvum,

823 1476 857 1495 29,
868 1452 943 1491 quod
962 1458 1065 1481 montes
1092 1448 1296 1480 transferatzde
1319 1448 1420 1488 linguis
1438 1459 1501 1477 vero
1526 1449 1616 1488 ipsum

831 1504 850 1525 Α
868 1498 956 1527 solum
976 1497 1109 1526 charisma
1134 1495 1265 1531 indjcans,
1280 1494 1390 1524 recedit.
1406 1496 1449 1523 Tu
1465 1505 1529 1524 vero
1548 1494 1617 1523 mihi

868 1544 937 1573 illud
951 1553 1058 1582 quoque
1080 1541 1236 1575 considera,
1255 1539 1390 1579 quomodo
1411 1541 1505 1580 paucis
1525 1540 1616 1569 omnia

868 1590 1027 1630 complexus
1048 1589 1083 1617 sit
1106 1588 1277 1623 charismata,
1292 1587 1462 1626 prophetiam
1484 1586 1577 1615 dicens
1591 1593 1616 1615 et

868 1636 950 1665 fidem
961 1647 967 1663 t
980 1645 1042 1664 nam
1059 1641 1106 1662 aut
1128 1634 1155 1661 in
1172 1632 1263 1661 verbis
1288 1639 1334 1660 aut
1355 1633 1381 1660 in
1396 1632 1523 1672 operibus
1538 1632 1614 1671 signa

868 1689 939 1711 sunt.
954 1681 1006 1711 Sed
1022 1679 1157 1719 quomodo
1175 1679 1299 1707 Christus
1312 1677 1395 1713 dixit,
1407 1678 1547 1707 minimam
1557 1689 1615 1707 esse

868 1729 932 1758 fidei
957 1737 1069 1769 partem,
1084 1737 1161 1767 posse
1184 1732 1302 1755 montem
1323 1727 1466 1755 transferre
1482 1729 1561 1763 (nam
1584 1733 1614 1755 ut

867 1774 1011 1803 minimum
1030 1772 1202 1811 significanS,
1218 1771 1256 1800 ita
1279 1771 1368 1810 posuit
1383 1770 1491 1799 dicens:
1505 1772 1535 1800 Si
1556 1772 1613 1799 Ιια-
1624 1777 1708 1798 Manli.
1728 1784 1764 1806 ις.

868 1822 986 1849 bueritis
1005 1818 1099 1857 fidem'
1114 1819 1188 1859 sient
1212 1827 1338 1856 granum
1365 1818 1496 1856 sinapis,
1513 1817 1614 1846 dicetis
1626 1814 1660 1836 '9'

866 1868 935 1895 huic
951 1867 1052 1899 monti,
1068 1865 1187 1899 Transi,
1202 1870 1228 1891 ez
1247 1863 1417 1896 transibic):
1436 1862 1536 1891 Paulus
1550 1873 1614 1892 vero

866 1913 935 1942 dicit
949 1912 1017 1941 hanc
1033 1921 1139 1940 omnem
1152 1910 1234 1938 sidem
1250 1909 1325 1938 esse?
1344 1909 1418 1944 Quid
1437 1919 1500 1948 ergo
1515 1909 1611 1938 dicen-

867 1960 931 1988 dum
940 1959 954 1988 3³
969 1958 1103 1994 Quoniam
1113 1967 1239 1994 magnum
1251 1955 1319 1984 illud
1329 1962 1394 1992 erat,
1402 1963 1518 1984 montem
1531 1963 1616 1985 trans-

866 2008 945 2044 ferre,
960 2007 1019 2035 ideo
1036 2004 1107 2034 illud
1128 2003 1300 2040 memoravit;
1316 2013 1368 2032 non
1385 2003 1461 2041 quasi
1482 2003 1532 2032 hoc
1555 2003 1611 2032 sola

866 2061 954 2094 posset
970 2060 1023 2082 tota
1039 2051 1119 2089 fides,
1135 2050 1183 2079 sed
1194 2050 1256 2089 quia
1268 2050 1319 2078 hoc
1330 2059 1457 2088 magnum
1469 2050 1613 2079 crassiori-

866 2101 918 2130 bus
932 2100 1075 2129 videbatur
1089 2108 1146 2127 esse
1164 2097 1198 2126 ob
1218 2097 1314 2125 molem
1329 2097 1460 2136 corporis,
1470 2096 1534 2126 hinc
1546 2108 1613 2135 quo-

866 2157 918 2186 quc
938 2157 995 2175 rem
1018 2144 1180 2185 propositam
1197 2142 1352 2182 amplificat.
1368 2142 1426 2171 Hoc
1447 2149 1536 2171 autem
1552 2144 1614 2172 vult

867 2193 1036 2232 significare:
1052 2191 1081 2220 Si
1097 2190 1217 2219 habuero
1232 2199 1338 2218 omnem
1352 2188 1446 2226 fidem,
1462 2195 1489 2217 et
1502 2189 1525 2218 si
1546 2200 1612 2229 pos—

867 2240 918 2268 sim
937 2246 1039 2268 montes
1054 2237 1205 2273 transferre,
1224 2236 1362 2265 caritatem
1386 2243 1474 2264 autem
1496 2246 1548 2264 non
1563 2236 1612 2264 ha-

868 2287 962 2323 buero,
976 2284 1045 2313 nihil
1059 2294 1130 2312 snm.
1150 2284 1178 2311 5.
1195 2284 1234 2311 Et
1250 2284 1274 2310 si
1294 2282 1466 2310 distribuero
1487 2284 1519 2310 in
1534 2284 1612 2311 cibos

866 2342 1027 2372 pauperum
1043 2340 1142 2358 omnes
1149 2329 1311 2368 facultates
1327 2338 1419 2365 meas,
1431 2334 1459 2356 et
1472 2329 1498 2356 si
1515 2329 1611 2356 tradi-

868 2381 936 2408 dero
947 2388 1050 2417 εον-ρης
1075 2386 1186 2405 mecum
1208 2377 1293 2403 itaut
1315 2375 1445 2409 ardeam,
1457 2377 1611 2403 caritatem

868 2433 966 2456 autem
982 2435 1040 2453 non
1056 2424 1198 2459 habuero,
1211 2422 1286 2450 nihil
1305 2422 1376 2450 mihi
1393 2422 1518 2460 prodest.
1532 2422 1611 2462 Papae

830 2010 847 2032 B

853 2537 909 2562 loco
922 2540 1075 2567 μυθήσομαι,
1087 2533 1130 2558 sed
1142 2534 1169 2557 R.
1184 2540 1214 2556 ex
1227 2540 1293 2556 corr.
1307 2531 1375 2555 Infra
1389 2535 1402 2560 ἡ
1415 2535 1452 2560 τὰ,-
1464 2538 1522 2566 τρεῑς
1534 2532 1610 2556 omit-

855 2579 884 2601 tit
899 2577 939 2605 A.,
951 2581 975 2600 et
994 2574 1095 2599 ulterius
1109 2578 1165 2605 post
1178 2575 1306 2606 προκεῖσθαι
1319 2569 1403 2603 adjicit
1418 2571 1510 2602 firmam]
