1865 2871
236 161 283 196 52
590 176 619 198 s.
648 176 786 200 somnis
813 178 991 202 cnnrsosr.

236 239 275 262 tes
288 243 314 261 se
327 233 479 263 vincebant.
500 234 663 265 Undenam?
678 238 770 266 Annon
785 249 817 267 cx
832 249 862 268 eo
875 261 883 276 ,
903 239 976 277 quod

1020 178 1173 201 ARC111E1’.
1201 180 1263 202 CON
1270 179 1455 202 s'rAN'HNOP
1463 194 1469 201 .

1036 239 1179 278 ριεγένοντο
1192 241 1243 268 τῶν
1259 240 1428 269 ἐλαυνόντων.
1444 240 1544 277 Πόθεν,
1558 242 1616 271 Οὐκ
1629 242 1681 272 ἀπὸ
1693 246 1738 274 τοῦ
1751 244 1798 280 τὴν

235 290 283 318 per
306 280 437 318 Spiritum
457 280 537 309 sidem
555 282 700 321 praeberent
717 284 730 312 Ξ)
752 295 813 313 nam
831 285 856 313 in
872 286 974 314 conses-
991 308 1014 327 ,ὦ
1035 284 1077 312 διὰ
1095 285 1248 321 Πνεύματος
1261 290 1408 325 παρασχεῖν
1422 285 1525 322 πίστιν;
1542 287 1586 315 καὶ
1600 287 1650 328 γὰρ
1664 288 1708 317 καὶ
1722 292 1799 319 τοῦτο

236 334 264 352 so
287 332 324 352 cst
349 324 399 353 hoe
428 325 679 356 demonstrationem
696 339 760 357 esse.
780 330 849 366 Quis
880 330 951 359 enim
965 354 972 367 ,
992 335 1011 357 Λ
1033 329 1160 362 ἀπόδειξις
1175 331 1376 368 ὡμολογημένη-
1399 331 1447 364 Τίς
1471 330 1541 371 γὰρ,
1563 333 1621 361 εἰπέ
1646 346 1706 371 μοι,
1730 337 1797 374 ὁρῶν

235 380 336 407 quaeso,
363 371 456 401 videns
474 380 590 402 mortuos
605 383 768 413 resurgentes
789 383 813 404 et
839 376 972 405 daunonas

233 418 338 455 pulsos,
356 429 406 447 non
421 419 578 449 admiserit?
593 421 645 450 scd
655 422 716 459 quia
728 430 789 452 sunt
803 424 882 452 ctiam
897 424 971 452 salla-

232 472 274 491 ces
284 464 395 494 virtutes
405 488 412 501 ‚
426 467 516 504 quales
530 468 753 506 praestigiatorum
762 492 769 505 ,
786 470 853 497 hane
866 480 970 507 quoque

232 510 340 539 sustulit
363 512 549 551 suspicionem.
569 516 628 543 Non
656 515 726 543 enim
749 516 877 544 virtutem
899 516 970 544 dixit

231 556 318 586 solum
330 581 337 593 ‚
359 559 403 587 sed
426 560 500 599 prius
512 583 520 598 ,
537 561 672 600 Spiritus,
687 569 711 590 et
727 569 804 596 tunc,
826 563 946 591 Virtutis
959 575 966 590 :

231 602 370 632 ostendens
391 615 419 633 ea
444 617 502 643 quse
525 607 624 635 fiebant
650 607 798 645 spiritualia
822 618 884 635 esse.
909 609 967 637 Non

230 658 293 686 ergo
305 648 456 679 imminutio
466 658 518 687 cst,
530 651 601 689 qnod
612 652 763 690 praedicatio
777 662 828 680 non
841 663 888 691 per
899 654 967 693 sapi-

229 694 327 723 entiam
337 696 491 725 annuntiata
501 697 544 731 sit,
557 697 602 725 sed
616 697 763 725 maximum
773 706 965 728 ornamentum.

229 739 285 768 Hoc
299 751 361 779 ergo
378 742 494 770 maxime
504 743 682 777 demonstrat,
696 754 753 771 eam
763 754 818 772 esse
833 744 964 782 divinam,

228 792 254 813 et
267 786 368 814 radices
378 798 432 815 esse
446 798 571 826 supernas
584 798 616 816 ex
628 788 697 816 caelis
710 800 715 816 z
728 798 889 829 quapropter
900 792 966 819 sub-

224 831 314 868 jungit
332 843 337 858 t
352 832 379 859 5.
401 833 438 860 Ut
451 833 526 870 fides
541 840 640 861 'vestra
657 845 716 862 non
730 837 809 863 sitin
821 838 965 875 sapientia

228 878 393 916 hominum,
407 880 459 907 sed
472 881 503 907 ιἰι
519 882 630 909 virtute
641 882 706 910 Dei.
721 882 820 912 Viden’
832 884 966 922 quomodo
984 882 1001 905 B

227 922 296 950 clare
310 934 357 962 per
376 925 464 954 omnia
479 925 618 962 ostendat,
642 937 769 966 magnum
791 940 845 958 esse
861 930 966 960 lucrum

226 967 381 1006 ignorantia:
394 993 401 1005 ,
415 977 439 999 et
450 981 577 1009 magnum
592 972 727 1011 sapientiae
744 974 881 1005 damnum.
898 977 965 1005 Nam

226 1013 282 1042 haec
297 1015 406 1052 quidem
425 1016 508 1055 ipsius
528 1028 651 1055 erucem,
670 1019 714 1047 illa
729 1030 792 1048 vero
807 1022 856 1049 Dei
875 1022 965 1051 virtu-

226 1065 279 1087 tem
294 1060 471 1098 praedicabat,
494 1062 551 1090 haec
569 1063 713 1099 efficiebat,
736 1072 765 1093 ut
780 1066 847 1095 nihil
861 1067 965 1097 inveni-

226 1111 283 1132 rent
301 1116 391 1134 eorum
408 1117 466 1145 quae
480 1109 637 1146 oportuisset
650 1131 657 1145 ,
674 1117 698 1138 et
714 1111 740 1139 in
754 1112 847 1151 seipsis
861 1114 963 1152 gloria-

226 1159 332 1189 rentur3
356 1154 402 1183 illa
426 1163 454 1183 ut
478 1157 617 1186 veritatem
638 1159 798 1198 susciperent
819 1168 844 1189 et
866 1162 891 1191 in
908 1164 963 1192 Deo

225 1199 410 1237 gloriarentur.
424 1203 525 1232 Rursus
537 1204 663 1244 sapientia
678 1208 769 1237 multis
781 1210 962 1247 persuasisset,

225 1251 254 1273 ut
267 1245 414 1275 humanum
423 1258 478 1277 esse
492 1249 588 1288 dogma
602 1251 816 1290 suspicarentur;
832 1255 887 1284 haec
899 1267 961 1285 vero

223 1290 294 1319 clare
314 1292 485 1330 ostendebat,
501 1294 623 1324 divinam
644 1297 719 1326 illam
735 1310 789 1328 esse
806 1308 830 1329 et
844 1312 878 1330 ex
899 1303 961 1331 caelo

223 1337 397 1369 descendisse.
413 1341 481 1370 Cum
495 1353 556 1381 ergo
572 1343 598 1371 in
613 1338 906 1383 sal)ientia*xre1·b01·11m
930 1350 960 1379 fit

224 1384 414 1416 demonstratio
429 1411 437 1426 ,
464 1400 532 1428 saepe
558 1391 730 1421 modestiores
756 1403 914 1434 superantur
945 1409 960 1426 a

223 1433 359 1471 pejoribus
373 1457 380 1470 ,
394 1435 456 1472 quia
472 1436 565 1475 majori
578 1437 684 1467 dicendi
698 1440 725 1468 vi
740 1441 845 1479 praediti
858 1444 960 1482 pejores

223 1485 284 1506 sunt
295 1501 301 1512 ,
317 1486 342 1508 et
357 1481 526 1510 mendacium
541 1483 617 1521 pellit
637 1485 783 1514 veritatem.
800 1488 850 1516 Hic
871 1496 959 1518 autem

223 1534 274 1552 non
287 1525 326 1553 sic
339 1537 344 1552 ε
359 1537 442 1564 neque
451 1528 556 1556 enimin
566 1528 732 1559 immundam
746 1533 861 1562 animam
872 1534 959 1573 ingre-

221 1568 295 1597 ditur
323 1571 440 1609 Spiritus
464 1580 580 1611 sanetus,
606 1581 630 1602 et
657 1575 790 1613 ingressus
812 1589 958 1617 numquam

220 1621 307 1653 potest
329 1618 465 1655 superari,
491 1618 594 1647 etiamsi
619 1620 729 1650 invadat
749 1624 834 1652 omnis
851 1625 958 1655 dicendi

220 1660 269 1689 vis.
296 1662 365 1690 Nam
392 1663 582 1693 demonstratio
603 1676 650 1704 per
673 1677 752 1706 opera
776 1676 801 1697 et
819 1681 865 1708 per
883 1672 959 1710 signa

219 1708 298 1747 longe
310 1710 405 1738 clarior
419 1718 457 1739 est
471 1711 516 1740 illa
526 1735 533 1748 ,
549 1723 607 1750 quae
630 1714 661 1742 sit
675 1726 722 1753 per
738 1717 827 1745 verba.
845 1720 877 1748 At
894 1720 957 1749 illo-

219 1764 280 1781 rum
292 1755 399 1783 fortasse
413 1756 545 1796 quispiam
557 1757 657 1787 dixerit
676 1782 684 1796 ,
701 1761 723 1788 si
742 1762 957 1800 praedicationem

219 1799 327 1829 vincere
342 1809 477 1840 oporteat,
499 1810 525 1832 et
544 1804 693 1842 eloquentia
716 1817 781 1845 opus
804 1819 855 1838 non
877 1811 957 1840 habet

219 1851 248 1873 ut
262 1856 294 1873 ne
306 1856 371 1874 crux
393 1848 578 1885 exinaniatur,
599 1861 680 1888 quare
697 1851 772 1890 signa
788 1864 857 1883 nune
869 1866 956 1885 cessa-

218 1891 300 1919 runt?
315 1892 427 1926 Quare?
451 1894 639 1924 incredulusne
666 1896 716 1926 hoc
736 1898 804 1928 dieis
815 1922 824 1938 ,
841 1912 888 1930 nec
907 1903 956 1932 ad-

219 1936 304 1965 mittis
319 1937 364 1965 illa
378 1938 445 1966 facta
470 1940 550 1968 fuisse
563 1942 744 1980 apostolorum
760 1952 876 1985 tempore
888 1970 896 1985 ,
922 1959 956 1978 an

218 1993 279 2011 vere
290 1983 340 2011 hoc
351 1985 468 2013 ediscere
488 1988 631 2023 quaerens?
646 1989 675 2017 Si
692 1989 845 2021 incredulus
859 1993 933 2023 dicas
946 2018 955 2033 ,

218 2028 245 2056 in
257 2039 287 2057 eo
302 2029 419 2068 primum
433 2031 602 2062 immorabor.
619 2034 647 2062 Si
660 2035 730 2063 enim
746 2043 809 2066 tunc
821 2049 873 2067 non
887 2041 955 2070 facta

218 2081 280 2102 sunt
301 2074 393 2113 signa,
417 2077 550 2113 quomodo
572 2079 662 2117 pulsi,
681 2082 782 2119 vexati,
795 2089 954 2123 trementes,

217 2119 300 2148 vincti
313 2143 319 2155 ,
336 2128 360 2149 et
372 2132 524 2150 communes
538 2124 610 2152 orbis
624 2125 711 2154 hostes
722 2127 784 2156 facti
795 2152 802 2164 ‚
817 2131 954 2160 omnibus-

216 2175 268 2203 que
281 2164 315 2193 ad
329 2166 397 2194 male
408 2167 563 2205 patiendum
581 2171 709 2208 expositi,
728 2173 796 2202 nihil
815 2186 848 2204 ex
867 2187 893 2205 se
907 2177 954 2206 ha-

216 2210 307 2239 bentes
332 2211 405 2249 quod
428 2213 546 2242 alliceret
563 2235 570 2251 ‚
597 2225 648 2243 non
675 2217 853 2256 eloquentiam
870 2244 877 2257 ,
901 2233 952 2251 non

215 2257 383 2295 splendorem
392 2281 401 2295 ,
430 2269 481 2287 non
510 2259 620 2288 divitias
632 2283 640 2297 ,
667 2273 718 2291 non
755 2266 848 2295 urbem
862 2290 869 2304 ,
901 2279 954 2298 non

215 2310 332 2341 gentem,
344 2315 394 2333 non
409 2315 503 2344 genus,
515 2316 567 2334 non
583 2308 750 2344 exercitium,
767 2321 817 2340 non
829 2313 953 2352 gloriam,

216 2358 268 2376 non
293 2349 368 2378 aliud
399 2350 539 2390 quidpiam
563 2352 668 2390 simile3
700 2355 747 2383 sed
777 2359 864 2387 omnia
888 2370 954 2389 eon-

216 2398 296 2425 traria
309 2421 318 2433 ,
347 2399 524 2437 ignorantiam
539 2424 546 2437 ,
568 2401 698 2431 vilitatem
717 2426 723 2439 ,
750 2413 932 2444 paupertatem
944 2431 952 2446 ,

215 2446 322 2484 odium,
337 2449 524 2489 inimicitiam,
549 2458 574 2480 et
590 2459 679 2481 contra
700 2455 814 2493 populos
836 2456 952 2496 integros

214 2505 311 2528 stantes
328 2522 336 2536 ,
359 2501 473 2539 taliaque
496 2503 684 2532 annuntiantes
699 2527 706 2541 ,
732 2506 951 2545 persuadebant?

213 2549 282 2577 Nam
297 2558 425 2589 przecepta
437 2552 551 2581 multum
565 2552 683 2583 laborem
696 2553 829 2586 habebant
853 2564 877 2587 et
901 2558 951 2588 do-

1032 372 1136 411 νεκροὺς
1160 375 1351 414 ἀνισταμένουςι
1373 375 1417 404 καὶ
1445 377 1568 415 δαίμονας
1594 379 1797 417 ἐλαυνομένους,

1030 420 1076 447 οὐκ
1092 419 1122 447 ἂν
1134 420 1305 458 κατεδέξατο;
1328 422 1396 450 Ἀλλ’
1418 423 1507 458 ἐπειδή
1533 425 1583 453 εἰσι
1606 425 1650 453 καὶ
1674 426 1797 464 δυνάμεις

1030 465 1177 501 ἀπατηλαὶ,
1193 463 1245 495 οἷαι
1264 469 1316 495 τῶν
1338 468 1449 506 γοήτων,
1465 469 1509 497 καὶ
1523 469 1621 504 ταύτην
1645 472 1729 500 ἀνεῖλε
1747 472 1795 507 τὴν

1028 508 1160 539 ὑπόνοιαν.
1173 512 1212 539 Οὐ
1226 512 1277 550 γὰρ
1293 514 1382 546 ἁπλῶς
1396 514 1529 552 δυνάμεως
1549 511 1629 552 εἶπεν,
1649 516 1717 545 ἀλλὰ
1730 517 1795 556 πρό-

1026 565 1100 594 τερον
1119 556 1286 594 Πνεύματος,
1310 559 1354 587 καὶ
1377 559 1436 588 τότε
1459 560 1605 598 δυνάμεως·
1631 561 1730 596 δεικνὺς
1754 563 1794 592 ὅτι

1025 602 1191 638 πνευματικὰ
1213 599 1244 638 ἦν
1265 603 1299 632 τὰ
1317 604 1449 643 γινόμενα.
1473 606 1512 634 Οὐ
1542 605 1627 634 τοίνυν
1652 607 1795 642 ἐλάττωσίς

1025 645 1080 674 ἐστι
1091 668 1099 681 ,
1116 646 1145 675 τὸ
1160 647 1196 684 μὴ
1211 648 1253 676 διὰ
1268 649 1358 688 σοφίας
1377 650 1588 689 κατηγγελμένον
1612 647 1677 680 εἶναι
1698 653 1728 681 τὸ
1746 653 1792 689 κή-

1026 701 1127 728 ρυγμα,
1148 692 1216 721 ἀλλὰ
1236 693 1281 722 καὶ
1305 694 1427 733 μέγιστος
1440 696 1545 734 κόσμος.
1563 697 1649 726 Τοῦτο
1663 700 1724 736 γοῦν
1742 699 1792 736 μοί-

1023 736 1100 765 λιστα
1121 737 1248 767 δείκνυσιν
1268 740 1330 769 αὐτὸ
1351 743 1416 770 θεῖον
1432 740 1459 769 ὂν
1473 741 1518 770 καὶ
1538 741 1584 773 τὰς
1602 742 1673 780 ῥίζας
1694 743 1790 772 ἄνωθεν

1023 781 1082 820 ἔχον
1096 784 1124 811 ἐκ
1137 785 1188 812 τῶν
1201 785 1324 824 οὐρανῶν·
1341 786 1379 815 διὸ
1390 786 1434 815 καὶ
1447 786 1588 826 ἐπήγαγεν
1602 787 1662 816 Ἵνα
1671 790 1688 823 ἠ
1703 789 1792 821 πίστις

1023 829 1095 865 ὑμῶν
1110 828 1146 866 μὴ
1159 826 1175 868 ᾗ
1187 832 1213 859 ἐν
1226 831 1303 870 σοφίᾳ
1313 832 1466 871 ἀνθρώπων,
1480 833 1538 861 ἀλλ’
1553 834 1578 861 ἐν
1591 833 1699 872 δυνάμει
1710 835 1789 864 Θεοῦ.

1023 869 1098 906 Εἶδες
1111 877 1167 908 πῶς
1179 879 1268 916 σαφῶς
1281 877 1323 905 διὰ
1335 879 1439 907 πάντων
1453 877 1571 912 ἀπέδειξε
1584 879 1651 908 πολὺ
1662 882 1709 915 τῆς
1722 882 1790 909 ἰδιω-

1021 919 1091 953 τείας
1113 921 1141 950 τὸ
1162 921 1267 961 κέρδος,
1293 923 1337 952 καὶ
1354 924 1422 962 μέγα
1445 925 1491 958 τῆς
1509 924 1600 963 σοφίας
1620 925 1649 954 τὸ
1678 925 1788 964 βλάὸος,

1021 965 1095 1002 Αὕτη
1113 967 1158 1004 μὲν
1175 968 1226 1007 γὰρ
1243 968 1341 998 ἐκείνου
1360 970 1402 998 τὸν
1417 969 1538 1008 σταυρὸν,
1555 969 1639 1006 ἐκείνη
1655 970 1682 1000 δὲ
1697 972 1789 1007 ἀνεκή-

1022 1024 1096 1050 ρυττε
1110 1015 1154 1041 τοῦ
1176 1015 1244 1043 Θεοῦ
1259 1014 1306 1049 τὴν
1322 1015 1429 1054 δύναμιν
1443 1027 1449 1033 ·
1472 1016 1537 1051 αὕτη
1561 1016 1626 1055 πρὸς
1646 1019 1684 1056 τῷ
1708 1017 1788 1055 μηδὲν

1020 1058 1148 1096 εὑρίσκειν
1178 1061 1230 1087 τῶν
1258 1059 1367 1089 δεόντων
1390 1061 1435 1089 καὶ
1453 1063 1492 1100 ἐφ’
1514 1062 1615 1093 ἑαυτοῖς
1639 1066 1788 1101 καυχᾶσθαι

1019 1103 1222 1141 παρεσκεύασεν,
1238 1105 1324 1141 ἐκείνη
1337 1106 1401 1145 πρὸς
1415 1109 1453 1146 τῷ
1466 1106 1513 1142 τὴν
1529 1107 1652 1142 ἀλήθειαν
1667 1107 1788 1141 δέξασθαι

1019 1148 1063 1176 καὶ
1077 1149 1119 1177 ἐπὶ
1129 1152 1166 1189 τῷ
1179 1151 1240 1189 Θεῷ
1254 1151 1463 1185 καλλωπίζεσθαι
1477 1152 1568 1181 ἐποίει.
1580 1152 1667 1181 Πάλιν
1680 1156 1696 1189 ἡ
1709 1153 1788 1194 σοφία

1019 1194 1179 1233 ἀνθρώπινον
1192 1197 1347 1226 ὑποπτεύειν
1359 1198 1388 1226 τὸ
1399 1197 1484 1236 δόγμα
1496 1197 1606 1231 πολλοὺς
1622 1198 1651 1227 ἂν
1666 1199 1766 1228 ἔπειθεν
1780 1212 1786 1218 ·

1019 1239 1085 1274 αὕτη
1104 1244 1193 1280 σαφῶς
1210 1242 1361 1271 ἀπεδείκνυε
1384 1245 1450 1271 θεῖον
1463 1243 1491 1271 ὃν
1508 1243 1553 1272 καὶ
1575 1244 1605 1272 ἐκ
1619 1247 1664 1273 τοῦ
1678 1246 1786 1284 οὐρανοῦ

1017 1286 1144 1315 καταέάν.
1168 1286 1253 1316 Ὅταν
1280 1288 1328 1326 μὲν
1350 1285 1393 1318 οῧν
1416 1292 1444 1319 ἐν
1472 1289 1550 1330 σοφίᾳ
1569 1289 1652 1328 λόγων
1679 1291 1786 1329 γένηται

1018 1331 1147 1364 ἀπόδειξις
1158 1354 1165 1367 ,
1182 1333 1309 1366 πολλάκις
1321 1334 1365 1362 καὶ
1380 1336 1404 1363 οἱ
1415 1334 1569 1374 φαυλότεροι
1588 1340 1711 1376 κρατοῦσι
1732 1338 1784 1365 τῶν

1017 1377 1225 1417 ἐπιεικεστέρων,
1240 1379 1379 1418 δεινότεροι
1393 1380 1478 1419 λέγειν
1496 1381 1581 1416 ὄντες,
1593 1381 1639 1410 καὶ
1653 1382 1683 1411 τὸ
1694 1383 1785 1421 ψεῦδος

1016 1421 1173 1461 παρελαύνει
1195 1423 1241 1458 τὴν
1268 1425 1400 1459 ἀλήθειαν.
1415 1426 1548 1455 Ἐνταῦθα
1572 1427 1599 1456 δὲ
1619 1429 1668 1466 οὐχ
1688 1428 1782 1461 οὕτως·

1017 1467 1074 1496 οὔτε
1088 1468 1138 1506 γὰρ
1153 1468 1237 1498 ἔπεισι
1249 1470 1277 1498 τὸ
1292 1471 1402 1509 Πνεῦμα
1416 1472 1446 1500 τὸ
1461 1471 1533 1510 ἅγιον
1547 1473 1687 1513 ἀκαθάρτῳ
1698 1476 1780 1513 ψυχῇ,

1016 1512 1073 1541 οὔτε
1088 1514 1193 1543 ἐπελθὸν
1215 1515 1321 1544 δύναται
1341 1517 1487 1552 ἦττηθῆναί
1505 1529 1570 1546 ποτε
1580 1541 1587 1554 ,
1602 1519 1650 1546 κᾶν
1664 1518 1754 1548 ἅπασα
1765 1521 1782 1554 ἡ

1017 1560 1067 1586 τῶν
1082 1559 1165 1597 λόγων
1180 1560 1239 1599 ἐπίῃ
1261 1561 1385 1596 δεινότης.
1399 1562 1433 1591 ‘H
1449 1563 1501 1601 γὰρ
1516 1563 1558 1591 διὰ
1571 1566 1622 1592 τῶν
1637 1564 1720 1604 ἔργων
1738 1564 1783 1594 καὶ

1016 1606 1067 1632 τῶν
1082 1604 1198 1642 σημείων
1211 1606 1340 1640 ἀπόδειξις
1355 1609 1401 1642 τῆς
1416 1607 1458 1636 διὰ
1470 1609 1521 1636 τῶν
1535 1609 1618 1648 λόγων
1632 1610 1722 1651 πολλῷ
1737 1621 1783 1639 σα-

1017 1649 1138 1688 φεστέρα.
1151 1650 1219 1679 Ἀλλ’
1233 1652 1338 1681 ἐκείνων
1354 1653 1416 1685 ἴσως
1433 1653 1503 1682 εἴποι
1518 1666 1557 1687 τις
1575 1654 1614 1691 ἂν,
1632 1655 1670 1683 ὅτι
1689 1657 1711 1684 εἷ
1731 1656 1783 1695 χρὴ

1017 1695 1046 1723 τὸ
1058 1695 1182 1734 κήρυγμα
1193 1702 1306 1736 κρατεῖν,
1320 1698 1364 1726 καὶ
1376 1698 1460 1737 λόγων
1471 1701 1498 1728 οὔ
1515 1700 1644 1729 δεῖταιῖνα
1655 1699 1691 1738 μὴ
1703 1712 1784 1729 κενω-

1016 1742 1047 1779 θῇ
1060 1743 1073 1769 ὁ
1087 1742 1197 1780 σταυρὸς
1209 1765 1216 1778 ,
1230 1742 1297 1775 τίνος
1308 1743 1393 1772 ἕνεκεν
1409 1744 1442 1773 τὰ
1452 1749 1549 1783 σημεῖα
1562 1745 1709 1774 κεκώλυται
1723 1749 1782 1782 νῢν;

1016 1786 1093 1819 Τίνος
1102 1786 1187 1816 ἕνεκεν
1199 1800 1205 1823 ;
1220 1790 1338 1817 ἀπιστῶν
1352 1789 1436 1827 λέγεις
1449 1812 1456 1826 ,
1470 1790 1514 1819 καὶ
1532 1789 1590 1819 οὐδὲ
1603 1791 1646 1819 ἐπὶ
1659 1793 1711 1819 τῶν
1722 1792 1784 1820 ἀπο-

1016 1832 1115 1861 στόλων
1149 1833 1214 1862 αὖτὰ
1241 1835 1397 1872 γεγενῆσθαι
1420 1836 1641 1874 καταδεχόμενος,
1661 1836 1678 1871 ἢ
1703 1836 1783 1871 ὄντως

1014 1879 1097 1913 ζητῶν
1115 1882 1221 1916 μαθεῖν;
1235 1881 1267 1908 Εἰ
1280 1880 1330 1919 γὰρ
1344 1882 1471 1917 ἀπιστῶν,
1486 1882 1550 1921 πρὸς
1565 1886 1638 1911 τοῦτο
1650 1883 1782 1922 στήσομαι

1013 1926 1126 1962 πρῶτον.
1143 1925 1175 1953 Ei
1191 1924 1241 1963 γὰρ
1252 1926 1298 1954 οὐκ
1312 1925 1413 1964 ἐγένετο
1428 1931 1526 1964 σημεῖα
1545 1927 1619 1962 τότε,
1634 1929 1690 1961 πῶς
1705 1929 1781 1957 ἐλαυ-

1013 1968 1115 2007 νόμενοι
1130 1970 1174 1998 καὶ
1187 1970 1339 2008 διωκόμενοι
1354 1971 1398 2000 καὶ
1418 1971 1556 2010 τρέμοντες
1570 1972 1614 2001 καὶ
1630 1973 1761 2011 δεδεμένοι
1772 1997 1780 2010 ,

1013 2015 1057 2043 καὶ
1068 2015 1148 2044 κοινοὶ
1161 2016 1294 2054 γενόμενοι
1309 2019 1355 2052 τῆς
1366 2018 1518 2055 οἰκουμένης
1533 2018 1622 2057 ἐχθροὶ
1635 2040 1641 2053 ,
1658 2019 1703 2047 καὶ
1715 2025 1781 2048 πᾶσι

1012 2060 1076 2099 πρὸς
1087 2061 1117 2089 τὸ
1131 2063 1217 2093 κακῶς
1227 2064 1317 2090 παθεῖν
1333 2062 1497 2101 προκείμενοι
1511 2085 1518 2098 ,
1533 2063 1578 2091 καὶ
1593 2063 1665 2092 οὐδὲν
1679 2063 1779 2094 οἴκοθεν

1012 2106 1114 2145 ἔχοντες
1128 2106 1273 2145 ἐπαγωγὸν,
1285 2109 1313 2135 οὐ
1327 2107 1413 2146 λόγον,
1425 2109 1452 2137 οὐ
1465 2108 1643 2147 περιφάνειαν,
1655 2110 1683 2137 οὐ
1697 2110 1778 2138 πλοῦ-

1011 2164 1064 2186 τον,
1080 2152 1108 2180 οὖ
1123 2152 1207 2188 πόλιν,
1225 2154 1271 2182 οὐκ
1294 2152 1378 2189 ἔθνος,
1394 2156 1422 2182 οὐ
1437 2154 1524 2192 γένος,
1539 2156 1585 2182 οὐκ
1600 2155 1760 2193 ἐπιτήδευμα
1770 2178 1777 2190 ,

1011 2198 1039 2226 οὔ
1052 2197 1135 2232 δόξαν,
1146 2199 1191 2226 οὐκ
1207 2199 1270 2226 ἄλλο
1290 2201 1341 2227 τῶν
1363 2198 1484 2228 τοιούτων
1506 2199 1586 2236 οὐδὲν,
1608 2200 1675 2228 ἀλλὰ
1690 2200 1777 2229 πάντα

972 2255 990 2278 Ε
1008 2242 1040 2271 τὰ
1051 2243 1169 2278 ἐναντία,
1185 2244 1324 2280 ἷδιωτείαν,
1340 2245 1480 2278 εὐτέλειαν,
1494 2244 1595 2280 πενίαν,
1607 2249 1698 2283 μῖσος,
1714 2247 1776 2275 ἀπέ-

1007 2291 1106 2328 χθειαν,
1121 2288 1166 2317 καὶ
1181 2289 1244 2328 πρὸς
1264 2289 1361 2327 δήμους
1381 2290 1538 2329 ὁλοκλήρους
1560 2290 1709 2328 ἱστάμενοι,
1731 2291 1776 2320 καὶ

1006 2323 1114 2363 τοιαῦτα
1127 2335 1348 2372 καταγγέλλοντες
1359 2359 1365 2371 ,
1389 2335 1504 2371 ἔπειθον,
1529 2335 1580 2364 Καὶ
1600 2335 1650 2374 γὰρ
1665 2335 1698 2364 τὰ
1713 2338 1771 2365 ἐπι-

1006 2380 1128 2418 τάγματα
1137 2379 1217 2408 πολὺν
1237 2376 1292 2419 εἶχε
1313 2381 1355 2409 τὸν
1369 2380 1475 2420 μόχθον,
1484 2380 1528 2409 καὶ
1540 2380 1573 2409 τὰ
1589 2380 1706 2419 δόγματα
1717 2381 1774 2415 τοὺς

1006 2425 1138 2458 κινδύνους
1147 2437 1153 2442 ·
1166 2426 1209 2454 καὶ
1226 2427 1248 2453 οἱ
1264 2426 1399 2458 ἀκούοντες
1411 2426 1454 2454 καὶ
1470 2425 1604 2454 πείθεσθαι
1616 2425 1753 2464 μέλλοντες
1763 2449 1770 2462 ,

1006 2471 1050 2499 καὶ
1063 2473 1147 2510 τρυφῇ
1169 2471 1212 2499 καὶ
1236 2471 1302 2510 μέθῃ
1327 2471 1370 2500 καὶ
1392 2473 1476 2510 πολλῇ
1499 2471 1684 2511 συντραφέντες
1705 2469 1772 2508 ἦσαν

1005 2516 1094 2555 κακίᾳ.
1107 2516 1191 2545 Πόθεν
1204 2512 1246 2545 οῦν
1262 2516 1383 2553 ἔπεισαν;
1403 2516 1460 2546 εἶπέ
1470 2528 1528 2555 μοι·
1544 2517 1620 2545 πόθεν
1632 2517 1661 2546 τὸ
1672 2516 1772 2551 ἀξιόπι-

997 2573 1056 2590 στον
1069 2561 1160 2600 ἔσχον;
1179 2562 1266 2601 ’Όπερ
1280 2562 1332 2601 γὰρ
1344 2562 1422 2601 ἔφθην
1437 2561 1526 2599 εἰπὼν,
1549 2563 1570 2592 ὲῖ
1584 2561 1700 2602 σημείων
1715 2575 1770 2601 χω-
