1891 2866
535 153 567 174 {N
596 152 701 174 EPtsT.
731 152 753 173 1.

62 223 138 261 τριῶν
156 220 341 260 ὀλιγώτεροη)
356 219 461 256 ἄπειρον
483 217 607 256 στρατιὰν
624 216 755 254 δεδεμένοι
776 228 824 244 κα-

786 151 829 173 AD
856 151 930 174 COP..

1554 141 1615 174 183

881 215 937 244 liaec
952 223 978 245 et
988 217 1102 246 fornacis
1116 218 1220 257 copiam
1234 217 1383 253 habebant,
1395 216 1441 246 sed
1453 215 1616 250 nudi‚scrvi‚

962 153 1077 176 nonu„
1108 154 1203 176 XVII!-

61 268 246 307 τηγωνίσαντο.
260 266 329 300 Ἤδη
342 265 393 304 γὰρ
403 263 511 296 θάνατος
527 266 723 301 κατεφρονεῖώ,
737 261 826 296 ἐπειδὴ
844 270 862 292 1)
880 263 966 292 exteri
990 264 1069 303 pauci
1094 263 1180 302 (quid
1208 263 1280 292 enim
1306 263 1391 291 tribus
1412 262 1524 302 paucius
1547 262 1618 297 sit)?

61 315 151 344 λοιπον
166 317 180 343 ὁ
194 313 305 353 Χριστὸς
329 312 436 350 ἔμελλεν
465 311 601 348 ἐπιδημεῖν
613 321 619 326 ·
642 310 687 338 καὶ
708 309 827 347 καθάπερ

61 361 212 390 ἀνατέλλειν
228 359 366 398 μέλλοντος
381 361 425 385 τοῦ
436 357 521 391 ἡλίου,
533 355 578 384 καὶ
592 356 652 395 πρὶν
665 355 682 390 ἢ
697 356 743 388 τὰς
755 357 827 384 ἀκτῖ-

63 419 108 440 νας
132 409 244 446 φανῆναι
255 428 262 441 ,
283 404 406 443 λαμπρὸν
429 403 528 441 γίνεται
539 402 570 431 τὸ
584 405 637 440 φῶς
651 403 698 436 τῆς
711 402 811 441 ἡμέρας
822 413 827 419 ’

63 452 131 481 οὕτω
145 452 189 481 καὶ
202 454 247 480 τοῦ
262 453 309 485 τ’ἦς
323 450 488 483 δικαιοσύνης
509 447 584 483 ’ἡλίου
598 448 736 486 μέλλοντος
755 447 831 486 ἔρχε-

64 501 138 533 σθαι,
155 500 168 526 ὁ
184 497 292 528 Θάνατος
306 496 396 525 λοιπον
412 494 578 527 ὑπεξίστατο.
600 494 636 522 Τί
657 497 702 522 τοῦ
722 493 830 532 θεάτρου

63 543 155 582 γένοιτ’
171 543 200 571 ἂν
213 542 396 583 λαμπρότερον
411 541 523 573 ἐκείνου;
535 540 561 568 τί
576 542 621 574 τῆς
635 540 708 576 νίκης
718 551 832 579 περιφα-

64 589 196 628 νέστερον;
212 589 238 616 τί
249 591 300 617 τῶν
315 590 410 617 καινῶν
426 587 557 625 τροπαίων
568 585 773 625 ἐπισημότεροη

104 637 191 665 Τοῦτο
213 635 258 664 καὶ
279 637 318 674 ἐφ’
341 636 417 672 ἡμῶν
430 634 538 671 γίνεται,
553 632 604 661 Καὶ
623 635 667 660 νῦν
682 633 751 661 ἐστιν
763 634 776 661 ὁ
787 633 834 666 τῆς

67 681 235 713 Βαὸυλωνίας
248 680 358 719 καμίνου
371 679 505 719 βασιλεὺς,
518 679 563 707 καὶ
573 682 615 707 νῦν
629 678 711 717 φλόγα
725 678 834 707 ἀνάπτει

66 727 257 767 χαλεπωτέραν
268 727 380 762 ἐκείνης·
394 726 448 755 ἔστι
463 725 507 754 καὶ
521 727 564 753 νῦν
580 727 593 753 ὁ
606 724 728 760 τοιαύτην
748 724 834 754 εἰκόνα

68 774 182 803 κελεύων
197 774 336 812 θαυμάζειν
350 785 355 790 ·
369 772 489 812 πάρεισιν
504 772 574 809 αὐτῷ
588 770 631 799 καὶ
645 771 779 809 σατράπαι
791 771 835 799 καὶ

69 823 230 860 στρατιῶται
242 820 286 848 καὶ
298 819 458 859 γοητεύουσα
471 818 598 856 μουσική·
613 817 657 846 καὶ
669 817 761 846 πολλοὶ
773 820 836 845 θαυ-

72 866 184 904 μάζουσι
196 866 294 900 ταύτην
308 865 355 901 τὴν
371 865 473 899 εἰκόνα,
488 864 534 899 τὴν
548 863 679 898 ποικίλην,
692 863 739 897 τὴν
755 863 836 900 μεγά-

70 913 129 948 λην.
146 914 271 941 Τοιοῦτον
286 912 336 950 γαρ
348 924 374 940 τι
386 910 455 940 ἐστὶν
468 912 483 944 ἡ
500 908 647 943 πλεονεξία,
662 904 713 937 οἷον
730 910 746 942 ἡ
760 908 836 936 εἰκὼν

69 958 154 994 ἐκείνη
165 980 172 993 ,
184 958 241 987 οὐδὲ
253 958 360 996 σιδήρου
371 958 570 995 καταφρονοῦσα
579 977 586 990 ,
600 955 657 982 ἀλλ’
673 953 699 987 ἐξ
709 954 836 992 ἀνομοίων

72 1004 120 1043 μὲν
134 1003 290 1043 συγκειμένη
302 1002 475 1042 πραγμάτων,
486 1001 573 1030 πάντα
585 1000 611 1029 δὲ
626 1000 766 1029 κελεύουσα
778 1002 838 1028 θαυ-

72 1052 172 1088 μάζειν,
186 1050 231 1078 καὶ
245 1049 343 1088 χαλκὸν
356 1048 400 1077 καὶ
415 1048 519 1087 σίδηρον
538 1047 582 1075 καὶ
598 1046 615 1074 ἃ
632 1047 722 1086 πολλῷ
740 1045 837 1074 τούτων

69 1097 140 1126 ἐστὶν
154 1096 332 1135 εὐτελέστερα.
346 1094 414 1124 Ἀλλ’
427 1094 516 1133 ὥσπερ
526 1093 609 1122 ταῦτα
623 1093 702 1127 ἐστιν,
713 1091 781 1121 οὕτω
794 1092 839 1120 καὶ

72 1145 97 1172 οἱ
111 1141 277 1172 τῶνπαίδων
293 1140 399 1170 ἐκείνων
414 1139 530 1176 ζηλωταί
543 1140 594 1167 εἶσι
608 1138 652 1167 καὶ
671 1141 725 1174 νῦν,
748 1139 772 1167 οἱ
795 1137 838 1167 λέ-

70 1200 171 1227 γοντες·
183 1193 236 1221 τοῖς
248 1190 314 1220 θεοῖς
325 1199 370 1216 σου
381 1188 408 1216 οὐ
418 1185 587 1226 λατρεύομεν,
600 1185 644 1213 καὶ
656 1185 687 1223 τῇ
700 1184 780 1213 εἰκόνι
794 1196 839 1213 σου

71 1236 100 1264 οὗ
123 1236 329 1275 προσκυνοῦμεν,
343 1232 467 1262 ἀλλὰκαὶ
481 1231 528 1267 τὴν
552 1231 661 1269 κάμινον
682 1232 730 1265 τῆς
749 1230 840 1262 πενίας

72 1280 246 1319 ὑπομένομεν,
257 1280 302 1308 καὶ
313 1280 359 1315 τήν
370 1280 452 1315 ἄλλην
460 1277 642 1317 ταλαιπωρίαν
657 1277 762 1306 ἅπασαν
775 1277 840 1316 ὑπὲρ

73 1329 126 1356 τῶν
136 1330 181 1356 τοῦ
195 1328 263 1356 Θεοῦ
273 1325 369 1364 νόμων.
388 1324 441 1354 Καὶ
457 1326 481 1353 οἱ
495 1323 541 1362 μὲν
563 1323 649 1352 πολλὰ
663 1323 779 1362 ἔχοντες,
793 1335 841 1352 κα-

72 1373 154 1413 θάπερ
166 1374 280 1401 κάκεῖνοι
290 1371 348 1400 τότε
357 1394 364 1408 ,
375 1371 420 1400 καὶ
438 1370 536 1405 ταύτην
548 1373 723 1409 προσκυνοῦσι
736 1369 839 1398 πολλά-

882 308 1041 339 immensum
1065 310 1213 339 exercitum
1238 309 1322 338 vincti
1347 310 1530 349 profligarunt.
1558 310 1619 339 Jain

883 355 954 384 enim
979 367 1051 384 mors
1073 356 1282 395 despiciebatur,
1299 355 1360 394 quia
1384 354 1548 383 adventurus
1564 362 1621 383 erat

884 400 1023 430 Christus:
1037 408 1063 430 et
1076 401 1145 430 sicut
1156 403 1212 440 jam
1227 401 1328 430 orituro
1343 400 1408 436 sole,
1423 407 1566 438 antequam
1580 411 1621 428 ra-

884 447 925 476 dii
946 455 1106 488 appareant,
1123 448 1266 488 splendida
1289 448 1406 477 efficitur
1424 447 1474 475 lux
1497 447 1549 476 dici
1565 448 1623 476 :sic

885 494 966 523 etiam
976 502 1089 524 venturo
1099 494 1212 534 justitiae
1227 494 1281 524 sole
1298 504 1369 523 mors
1382 493 1489 522 tandem
1500 493 1621 522 cedebat.

886 540 960 574 Quid
976 541 1023 569 illo
1038 541 1140 569 theatro
1159 539 1326 580 splendidius
1339 539 1440 567 fuerit?
1456 538 1522 577 quid
1533 539 1622 568 victo-

887 587 928 616 ria
940 588 1057 617 clarius?
1067 588 1134 627 quid
1147 587 1224 617 novis
1239 587 1343 627 tropaeis
1353 586 1504 625 insignius?

926 634 956 662 k.
979 634 1037 663 Hoc
1059 634 1089 663 fit
1108 634 1188 663 etiam
1200 641 1289 663 nostro
1303 640 1431 672 tempore.
1443 632 1480 661 Et
1492 642 1563 660 nunc
1576 643 1625 661 rex

889 688 928 709 est
942 681 1112 720 Babylonicae
1122 681 1246 716 fornacis,
1255 691 1326 709 nune
1338 680 1418 708 etiam
1432 680 1564 708 fornacem
1578 690 1625 708 ac-

889 726 978 756 cendit
991 727 1037 756 illa
1052 727 1203 766 graviorem
1217 739 1224 754 ε
1237 733 1275 756 est
1288 727 1369 755 etiam
1393 726 1438 765 qui
1459 736 1529 754 nunc
1550 726 1626 754 illam

887 774 964 813 jubet
977 773 1105 802 admirari
1121 773 1281 813 imaginem:
1297 773 1395 802 adsunt
1409 773 1461 812 ipsi
1476 779 1502 801 et
1515 780 1627 813 satrapae

891 827 916 849 et
930 820 1027 849 milites
1046 828 1071 849 et
1095 821 1196 849 musica
1219 820 1386 857 demulcens;
1401 819 1532 858 multique
1553 820 1629 849 illam

891 867 1034 904 imaginem
1057 867 1242 903 admirantur,
1262 866 1379 901 variam,
1401 877 1533 906 magnam.
1563 866 1630 895 Tale

891 912 961 940 enim
984 912 1125 951 quidpiam
1153 919 1191 940 est
1218 912 1341 949 avaritia,
1358 912 1438 950 quale
1462 912 1550 951 imago
1568 912 1627 945 illa,

892 969 924 988 ne
935 958 1035 987 serrum
1058 958 1166 996 quidem
1181 957 1340 997 despiciens,
1353 958 1398 986 sed
1412 969 1445 986 ex
1455 958 1632 987 dissimilibus

892 1005 1038 1044 composita
1052 1004 1142 1039 rebus,
1153 1005 1242 1032 omnia
1256 1004 1385 1033 admirari
1397 1005 1504 1043 jubens,
1519 1015 1563 1041 aes,
1578 1006 1632 1034 ser-

892 1062 965 1085 rum,
974 1057 999 1079 et
1009 1061 1066 1089 quae
1081 1056 1143 1078 sunt
1151 1050 1206 1078 illis
1215 1050 1362 1079 admodum
1370 1051 1474 1079 viliora.
1482 1051 1535 1081 Sed
1543 1062 1633 1090 quem—

892 1097 1040 1127 admodum
1054 1096 1113 1126 haee
1127 1103 1205 1131 sunt3
1222 1096 1258 1125 ita
1276 1097 1355 1126 etiam
1370 1108 1439 1126 nunc
1455 1105 1517 1126 sunt
1530 1109 1633 1137 puero-

893 1155 954 1172 rum
969 1143 1076 1172 illorum
1092 1142 1238 1171 imitatores
1253 1143 1300 1181 qui
1312 1142 1407 1172 dicunt
1419 1156 1425 1171 :
1437 1144 1497 1173 Diis
1512 1144 1566 1173 tuis
1580 1155 1633 1173 non

894 1190 1034 1225 servimus,
1043 1196 1069 1218 et
1083 1189 1227 1228 imaginem
1237 1196 1311 1218 tuam
1321 1201 1373 1219 non
1388 1190 1529 1220 adoramus
1534 1203 1542 1227 ;
1553 1191 1598 1220 sed
1608 1198 1634 1220 et

894 1236 1058 1277 paupertatis
1072 1236 1205 1264 fornacem
1220 1236 1381 1266 sustinemus
1394 1244 1419 1266 et
1431 1238 1511 1267 aliam
1529 1249 1634 1267 omnem

895 1284 1028 1312 miseriam
1039 1294 1087 1323 pro
1099 1283 1149 1311 Dei
1162 1282 1276 1322 legibus.
1285 1283 1321 1312 Et
1331 1283 1370 1312 illi
1379 1284 1488 1322 quidem
1501 1285 1547 1324 qui
1559 1286 1632 1314 mul—

894 1337 921 1359 ta
931 1330 1039 1366 habent,
1056 1336 1086 1358 ut
1100 1336 1125 1358 et
1139 1336 1241 1358 veteres
1255 1329 1306 1365 illi,
1320 1329 1390 1358 hanc
1402 1341 1472 1370 saepe
1485 1331 1596 1360 adorant
1607 1339 1633 1360 et

848 1395 884 1413 157
895 1377 1104 1415 comburuntur3
1120 1377 1166 1416 qui
1184 1388 1246 1406 vero
1262 1377 1330 1406 nihil
1340 1378 1487 1417 possident,
1504 1379 1572 1408 hanc
1581 1379 1631 1408 de-

71 1431 112 1452 κῑς
131 1419 176 1448 καὶ
198 1417 400 1447 κατακαίθνῒΊΓ
416 1419 440 1446 Οἷ
456 1417 483 1446 ῧὲ
501 1417 583 1454 μηδὲν
607 1415 765 1453 κΞκῖημ-ἕνθῑ
794 1415 839 1444 καὶ
858 1423 878 1445 Α
894 1424 1022 1464 spiciunt,
1039 1423 1102 1452 etin
1114 1430 1270 1463 paupertate
1283 1431 1426 1461 versantes,
1442 1425 1469 1453 in
1478 1435 1536 1454 rore
1548 1426 1633 1465 magis

70 1465 169 1501 ταύτης
183 1467 389 1505 καταφρονοῦσι,
409 1464 453 1492 καὶ
473 1465 498 1492 ἐν
515 1462 592 1503 πενία
612 1462 698 1497 ὄντες,
715 1464 740 1491 ἐν
756 1462 841 1503 δρόσῳ

71 1512 172 1550 μᾶλλόν
193 1512 244 1540 εἶσι
258 1513 309 1539 τῶν
330 1512 355 1539 ἓν
380 1508 488 1549 εὐπορίᾳ
508 1508 611 1541 ζώντων
621 1520 626 1525 ·
652 1508 771 1547 καθάπερ
796 1508 841 1536 καὶ

71 1555 130 1585 τότε
151 1556 175 1585 οἵ
195 1556 242 1594 μὲν
265 1555 424 1593 ἐμὲαλόντες
446 1554 625 1589 κατεκαησαν,
644 1555 668 1582 οἱ
681 1553 707 1581 δὲ
722 1555 748 1582 ἐν
768 1552 840 1592 μέσῳ

73 1602 159 1637 ὄντες,
181 1600 270 1640 ὥσπερ
284 1603 310 1629 ἐν
326 1600 401 1629 ὕδατι
414 1596 499 1635 ίιἦσαν
520 1599 565 1628 καὶ
588 1599 683 1637 δρόσῳ.
702 1598 756 1627 Καὶ
770 1600 784 1627 ὁ
797 1598 841 1627 τύ-

75 1659 165 1687 ραννος
177 1647 204 1676 δὲ
215 1647 274 1676 τότε
289 1648 384 1679 ἐκεῖνος
405 1647 503 1684 μᾶλλον
524 1643 626 1673 ἐκαίετο
639 1646 672 1683 τῇ
691 1645 782 1683 φλογὶ,
796 1647 841 1672 τοῦ

75 1697 157 1732 θυμοῦ
178 1692 347 1732 σφοδρότερον
370 1692 444 1721 αὐτὸν
466 1690 624 1723 ἀνάπτοντος
635 1713 641 1726 ,
663 1689 680 1726 ἢ
704 1692 727 1719 οἱ
751 1691 842 1723 παῖδες

75 1743 176 1770 ἐκεῖνοι.
190 1738 315 1768 Ἐκείνων
339 1737 386 1777 μὲν
407 1737 458 1778 γὰρ
481 1738 526 1766 οὐκ
552 1737 644 1776 ἴσχυσε
666 1738 695 1765 τὸ
716 1740 768 1776 πῦρ
785 1737 842 1766 οὐδὲ

76 1788 163 1826 ἄκρων
176 1786 292 1825 ἅψασθαι
303 1787 353 1814 τῶν
368 1786 481 1824 τριχῶν·
494 1784 585 1813 τούτου
602 1783 628 1812 δὲ
639 1783 720 1822 πυρὸς
734 1783 842 1823 σφοδρό-

77 1845 150 1873 τερον
162 1832 307 1861 κατέκαυσε
327 1850 334 1860 ι
356 1843 369 1859 ν
384 1831 498 1859 διάνοιαν
511 1832 528 1864 ἡ
545 1829 621 1869 ὀργή.
637 1829 776 1865 Ἐννόησον
792 1830 843 1869 γὰρ

76 1881 135 1910 ὅσον
147 1875 178 1915 ἦν
195 1880 236 1908 ἐπ’
248 1879 323 1917 ὄψεσι
335 1877 472 1909 τοσαύταις
485 1877 536 1905 ὑπὸ
549 1876 649 1905 παίδων
665 1877 842 1916 αἰχμαλώτων

79 1926 156 1955 αὐτὸν
175 1924 355 1954 διαπτῦεσθαι.
366 1923 468 1957 Ἔδειξε
483 1923 534 1963 γὰρ
547 1923 648 1959 λοιπὸν,
667 1923 708 1952 ὅτι
727 1922 771 1951 καὶ
795 1935 818 1951 τ·
830 1935 843 1951 ν

79 1972 154 2002 πόλιν
169 1973 252 2001 αὐτῶν
267 1971 371 2006 ἔλαὸεν,
382 1972 410 1999 οὗ
423 1969 496 2010 παρὰ
508 1969 556 2005 τὴν
568 1969 665 1998 οἰκείαν
677 1969 761 2009 ἰσχὺν,
776 1969 846 1999 ἀλλὰ

79 2018 152 2058 παρὰ
161 2018 208 2054 τὴν
217 2019 269 2046 τῶν
277 2018 380 2046 πολλῶν
389 2016 530 2056 ἁμαρτίαν.
538 2016 571 2045 Εἰ
582 2015 633 2056 γὰρ
641 2017 692 2044 τῶν
703 2015 845 2054 δεδεμένων

81 2065 128 2093 οὐκ
142 2064 234 2104 ἴσχυσε
246 2062 437 2103 περιγενέσθαι,
447 2062 493 2092 καὶ
504 2065 587 2090 ταῦτα
597 2063 624 2090 ἐν
637 2061 740 2102 καμίνῳ
754 2061 848 2101 βεὲλη-

84 2110 179 2149 μένων,
187 2112 242 2143 πῶς
253 2109 283 2138 ἂν
294 2109 393 2138 τούτων
400 2108 561 2149 περιεγένετο
568 2108 682 2147 πολέμου
694 2108 775 2148 νόμῳ,
783 2108 848 2137 πάν-

82 2169 134 2186 των
152 2155 276 2186 τοιούτων
296 2156 390 2191 ὄντων,
404 2154 485 2184 “Οὓεν
503 2156 580 2190 δῆλον
591 2154 631 2184 ὅτι
642 2157 669 2184 αἱ
682 2157 732 2184 τῶν
744 2156 848 2185 πολλῶν

84 2203 214 2243 ἁμαρτίαι
225 2202 272 2237 τὴν
284 2202 359 2231 πόλιν
373 2200 615 2241 παρέδωκαν.”ορα
626 2201 653 2230 δὲ
663 2202 708 2230 καὶ
720 2203 749 2232 τὸ
760 2202 850 2231 ἀκενό-

83 2250 155 2283 δοξον
168 2251 220 2278 τῶν
234 2248 345 2277 παίδων.
363 2246 422 2277 ι’0ιί
436 2247 487 2287 γὰρ
502 2248 669 2284 ἐπεπήδησαν
684 2251 716 2288 τῇ
731 2249 834 2288 καμίνῳ
843 2271 851 2285 ,

83 2301 151 2331 ἀλλὰ
162 2303 207 2330 τοῦ
219 2300 335 2340 Χριστοῦ
348 2298 395 2334 τὴν
407 2298 586 2337 παραγγελίαν
604 2298 700 2328 ἄνωθεν
710 2299 853 2338 ἐφύλαττον

84 2352 218 2391 λέγοντος,
235 2350 352 2390 Εὔχεσθε
372 2348 408 2387 μὴ
425 2349 548 2377 εἰσελθεῖν
570 2350 606 2382 εἷς
620 2349 765 2388 πειρασμόν
776 2361 782 2367 ·
797 2350 854 2380 οὔτε

86 2398 178 2438 ἔφυγον
192 2397 282 2432 ἐπειδὴ
291 2395 421 2436 ἤχθησαν,
436 2395 493 2424 ἀλλ’
502 2394 614 2430 ἔστησαν
623 2396 649 2424 ἐν
661 2397 699 2435 τῷ
714 2395 787 2436 μέσῳ
801 2408 857 2435 γεν-

86 2445 176 2480 ναίως,
184 2444 242 2474 οὔτε
253 2443 290 2482 μὴ
301 2444 439 2475 καλοῦντος
447 2441 642 2480 ἀγωνιζόμενοι,
649 2440 707 2471 οὔτε
721 2444 859 2477 καλοῦντος

121 2555 131 2566 ·
150 2547 196 2579 [Α.
207 2547 235 2570 Β.
247 2549 301 2575 ἦσαν
314 2552 341 2579 τῇ
357 2543 447 2579 δρόσοι]

251 2589 327 2608 ΤΟΜ.
352 2589 380 2606 Χ.

894 1470 1067 1506 deliciantur,
1082 1480 1163 1508 quam
1173 1469 1213 1498 illi
1228 1469 1274 1508 qui
1287 1470 1313 1498 in
1327 1481 1418 1499 rerum
1433 1471 1508 1510 copia
1516 1471 1611 1500 vivunt
1625 1485 1630 1499 ε

894 1515 964 1544 sicut
987 1520 1013 1543 et
1036 1521 1101 1542 tunc
1124 1523 1238 1552 quoque,
1254 1513 1302 1552 qui
1324 1514 1473 1553 injecerunt
1500 1516 1633 1545 combusti

895 1567 956 1590 sunt
964 1583 973 1597 ,
989 1560 1036 1598 qui
1051 1566 1142 1588 autem
1160 1560 1187 1588 in
1202 1559 1291 1588 medio
1313 1567 1396 1596 erant,
1411 1571 1458 1589 ceu
1479 1562 1506 1590 in
1521 1573 1588 1597 aqua
1607 1570 1632 1591 et

895 1617 954 1636 rore
971 1606 1154 1635 versabantur.
1171 1607 1317 1645 Tyrannus
1331 1614 1419 1636 autem
1434 1608 1479 1636 ille
1496 1615 1560 1637 tunc
1576 1620 1632 1637 ma-

896 1653 937 1691 gis
947 1663 962 1681 a
976 1652 1083 1681 flamma
1094 1652 1231 1687 urebatur,
1247 1652 1286 1680 ira
1301 1652 1484 1682 vehementius
1498 1654 1576 1683 illum
1590 1656 1633 1683 iu-

896 1698 1032 1735 cendente,
1047 1708 1128 1736 quam
1139 1697 1215 1737 pueri
1231 1697 1271 1726 illi
1287 1698 1498 1728 incenderentur.
1515 1697 1585 1730 Nam
1597 1702 1633 1730 il-

895 1745 984 1774 lorum
1005 1755 1037 1773 ne
1052 1754 1171 1772 summos
1192 1743 1301 1782 quidem
1325 1745 1436 1784 capillos
1453 1747 1539 1785 potuit
1562 1748 1633 1786 ignis

895 1798 1015 1830 tangere3
1028 1791 1110 1830 hujus
1133 1796 1223 1818 autem
1246 1797 1361 1819 mentem
1376 1791 1437 1831 igue
1451 1793 1633 1822 vehementius

897 1838 936 1867 ira
954 1837 1079 1866 incendit.
1091 1836 1186 1875 Cogita
1197 1836 1268 1865 enim
1283 1844 1414 1875 quantum
1432 1839 1502 1867 illud
1516 1848 1592 1877 esset,
1607 1841 1634 1869 iu

895 1891 952 1913 tam
965 1883 1112 1912 multorum
1127 1889 1268 1922 conspectu
1280 1894 1296 1911 a
1311 1884 1401 1923 pueris
1417 1886 1532 1925 captivis
1546 1887 1635 1926 ipsum

897 1930 1038 1960 contemni.
1053 1930 1132 1958 Tunc
1146 1929 1217 1957 euim
1236 1929 1360 1967 ostendit,
1373 1941 1400 1960 se
1411 1931 1520 1961 illorum
1536 1934 1632 1962 urbem

898 1976 1008 2016 cepisse,
1021 1986 1073 2005 non
1084 1975 1112 2004 vi
1128 1985 1186 2011 sua,
1200 1975 1247 2004 sed
1259 1983 1367 2016 propter
1378 1977 1525 2007 multorum
1540 1990 1636 2019 pecca—

899 2031 934 2053 ta.
945 2024 1013 2052 Nam
1027 2023 1050 2051 si
1061 2021 1165 2051 vinctos
1180 2032 1232 2050 non
1251 2022 1339 2062 potuit
1354 2033 1491 2063 superare,
1507 2026 1638 2065 etiamque

900 2070 928 2099 in
942 2070 1075 2098 fornacem
1088 2068 1208 2107 injectos,
1221 2069 1356 2107 quomodo
1373 2069 1433 2099 illos
1447 2071 1505 2110 lege
1520 2071 1586 2101 belli
1598 2084 1638 2101 su-

901 2121 1026 2155 perasset,
1036 2114 1059 2143 si
1069 2123 1159 2142 omnes
1166 2113 1232 2143 tales
1242 2114 1354 2144 fuissent
1361 2116 1374 2144 Ρ
1382 2116 1463 2145 Unde
1470 2117 1639 2147 manifestum

902 2169 939 2192 est
953 2161 1100 2191 multorum
1113 2167 1219 2199 peccata
1241 2162 1335 2191 urbem
1346 2162 1494 2193 tradidisse.
1508 2164 1580 2195 Vide
1593 2176 1640 2194 au-

903 2218 957 2240 tem
978 2219 1058 2248 quam
1069 2218 1084 2236 a
1097 2218 1166 2236 vana
1188 2208 1273 2246 gloria
1291 2209 1371 2239 alieni
1385 2211 1460 2249 pueri
1475 2218 1570 2240 essent.
1583 2212 1640 2240 Non

904 2256 975 2286 enim
992 2253 1142 2284 insilierunt
1155 2254 1182 2282 in
1193 2254 1324 2284 fornacem
1333 2278 1342 2293 ,
1356 2257 1402 2285 sed
1413 2257 1470 2296 jam
1483 2258 1548 2286 olim
1563 2258 1643 2287 Chri-

908 2305 942 2334 sti
956 2309 1118 2344 praeceptum
1133 2302 1275 2331 servabant
1294 2303 1406 2333 dicentis
1420 2317 1425 2332 :
1442 2306 1531 2334 Orate
1541 2317 1576 2335 ne
1595 2308 1643 2334 in-
1657 2311 1739 2333 naueh,
1757 2317 1768 2331 ,τ
1778 2311 1794 2330 ῑ.

910 2353 990 2380 tretis
1010 2351 1042 2378 in
1068 2350 1258 2377 tentationem
1271 2359 1375 2388 :neque
1392 2351 1519 2389 fugeruut
1539 2345 1694 2391 quandoi'·

911 2397 987 2426 ducti
1000 2401 1070 2430 sunt,
1086 2393 1132 2422 scd
1147 2401 1275 2423 steterunt
1290 2394 1317 2423 in
1328 2395 1417 2425 medio
1428 2396 1531 2426 sortiter
1545 2409 1552 2425 ι
1564 2408 1648 2437 neque

915 2454 966 2472 non
981 2447 1090 2472 vocante
1106 2440 1280 2479 decertantes,
1291 2452 1374 2480 neque
1392 2450 1500 2472 vocante
1517 2444 1610 2474 molles
1625 2450 1650 2474 et

929 2547 941 2565 Β
961 2544 1006 2579 [Α.
1022 2549 1071 2573 οὔτε
1084 2550 1147 2573 ἔτιέτιΔ
1159 2552 1186 2575 τῆ
1199 2557 1220 2571 κ,
1232 2550 1270 2570 τοῦ
1281 2548 1323 2578 γὰρ
1336 2544 1392 2579 xp]
1517 2580 1533 2587 .-

1498 2580 1534 2608 to
