1906 2866
521 150 551 173 ΙΝ
581 148 688 172 EPls'r.
718 148 741 170 1.

72 219 213 258 ἐπήγαγεν,
230 217 299 247 Οὐδὲ
319 219 336 252 ἡ
351 215 433 255 φθορὰ
453 215 500 250 τὴν
516 215 662 254 ἀφθαρσίαν
676 215 841 252 κληρονομεῖ.

72 265 227 301 Τουτέστιν,
242 266 258 298 ἡ
277 263 356 292 κακία
380 261 427 296 τὴν
450 260 524 293 δόξαν
547 260 647 295 ἐκείνην
664 259 709 288 καὶ
727 258 775 293 τὴν
789 259 841 286 τῶν

73 311 211 351 ἀφθάρτων
229 308 392 349 πραγμάτων
413 307 566 335 ἀπόλαυσιν.
580 306 632 335 Καὶ
647 305 697 344 γὰρ
709 306 843 342 πολλαχοῦ

72 358 152 386 πάλιν
166 359 198 394 τῇ
217 355 379 396 προσηγορία
393 353 475 391 ταύτῃ
495 353 543 386 τὴν
558 352 653 380 κακίαν
667 351 788 380 ἐκάλεσεν
806 351 842 377 εἷ-

73 403 146 432 πών·
166 403 200 431 Ὁ
222 401 334 439 σπείρων
350 401 386 433 εἷς
401 399 447 434 τὴν
463 399 568 436 σάρκα,
583 400 612 426 ἐκ
627 400 673 431 της
690 396 785 436 σαρκὸς
800 398 842 424 θε-

75 449 140 488 ρίσει
163 448 269 488 φθοράν.
295 448 328 475 Εἰ
345 446 371 474 δὲ
397 457 459 484 περι
483 445 628 481 σώματοςς
619 465 629 471 -
649 456 669 471 ε
668 455 716 481 (ev,
732 443 790 470 ἀλλ’
814 443 842 470 οὐ

73 495 133 533 περὶ
147 498 263 532 πονηρᾶς
276 492 409 532 πράξεως,
422 493 468 520 οὐκ
485 491 515 518 ἂν
533 494 609 519 εἰπε
600 490 710 528 θοράν·
730 489 843 525 οὐδαμου

73 541 168 580 γὰρτὸ
191 542 269 577 σῶμα
294 538 390 577 φθοραν
406 539 493 566 καλεῖ·
515 537 572 565 οὐοε
594 536 645 574 γάρ
669 537 723 564 ἐστι
743 533 844 573 φθορὰ,

75 586 145 616 ἀλλὰ
161 585 284 625 φθαρτόν.
304 584 351 612 Διο
373 582 471 623 προϊωι
488 595 531 610 και
548 594 608 620 περι
627 582 705 610 αυτοῦ
726 579 847 618 διαλεγό-

76 645 165 671 μενος,
177 634 223 661 οὐκ
237 634 308 660 εἶπεν
325 630 388 658 αὐτο
402 629 509 668 φθορὰν,
526 630 558 657 ἀλ
560 628 594 656 λὰ
607 628 731 667 φθαρτον,
747 627 777 655 )έ
778 637 845 663 stov·

76 680 122 708 Δεῐ
141 678 193 717 γὰρ
217 678 248 706 τὸ
271 675 382 716 φθαρτον
408 687 485 704 τουτο
510 674 666 703 ενδυσασθαι
691 672 847 711 ἀφθαρσίαν.

76 720 144 753 Εἶτα
164 723 210 758 τὴν
226 723 286 761 περὶ
300 721 433 753 πολιτείας
448 720 591 755 πληρώσας
605 719 770 758 παραίνεσιν,
785 717 849 756 ὅπερ

78 771 117 798 ἀεὶ
131 773 219 804 ποιεῖ,
233 768 353 797 ὑπόθεσιν
377 767 498 796 ὑποθέσει
512 768 627 804 συνεχῶς
644 763 801 803 ἀναμιγνὺς,
815 765 850 795 εἷς

78 815 121 844 τὸν
136 816 196 855 περὶ
225 814 391 846 ἀναστάσεως
414 814 493 842 πάλιν
517 815 568 841 τῶν
594 811 724 848 σωμάτων
736 810 851 839 ἐκίαίνει

79 861 165 899 λόγον,
181 860 248 889 οὕτω
263 859 346 898 λέγων
357 871 362 877 ·
384 858 450 887 Ἰδοὺ
465 857 608 896 μυστήριον
623 859 683 895 ὑμῖν
698 855 777 894 λέγω.

125 1461 244 1502 Φρικτόν
257 1473 284 1491 τι
305 1461 349 1491 καὶ
364 1460 522 1500 ἀπόρῤητον,
539 1459 584 1488 καὶ
598 1459 611 1488 ὃ
626 1459 662 1497 μὴ
678 1458 773 1490 πάντες
798 1457 859 1487 ἴσα-
876 1470 895 1494 C

88 1521 129 1543 σι,
141 1509 231 1547 μέλλει
239 1507 336 1547 λέγειν·
348 1507 361 1536 ὃ
373 1507 418 1535 καὶ
427 1506 527 1541 πολλὴν
539 1506 697 1534 ἐνδείκνυται
709 1504 754 1540 τὴν
766 1506 804 1536 εἷς
816 1506 862 1532 αὐ-

87 1555 148 1588 τοὺς
173 1554 313 1593 τιμὴν,τὸ
337 1553 371 1581 τὰ
395 1552 533 1592 ἀπόῤῥητα
554 1551 639 1590 λέγειν
662 1553 757 1584 αὐτοῖς.
776 1550 812 1578 Τί
835 1549 862 1578 δὲ

89 1605 165 1630 τοῦτο
177 1601 248 1635 ἔστη
262 1599 363 1632 Πάντες
380 1598 426 1637 μὲν
441 1599 470 1627 οὐ
485 1597 715 1634 κοιμηθησόμεθα,
727 1596 822 1628 πάντες
835 1595 862 1624 δὲ

91 1645 304 1685 ἀλλαγησόμεθα.
317 1645 355 1673 ιῸ
373 1645 399 1673 δὲ
422 1643 494 1682 λέγει
514 1643 591 1671 τοῦτό
617 1644 702 1670 ἐστιν·
716 1643 744 1670 οὐ
767 1641 863 1673 πάντες

88 1692 135 1730 μὲν
152 1691 370 1728 ἀποθανούμεθα,
389 1689 484 1721 πάντες
504 1688 531 1717 δὲ
548 1688 767 1726 ἀλλαγησόμεθα,
780 1687 825 1715 καὶ
840 1689 863 1715 οἷ

92 1738 129 1776 μὴ
144 1737 353 1771 ἀποθνήσκοντες
363 1747 369 1753 ’
384 1735 472 1770 θνητοὶ
487 1735 537 1774 γὰρ
552 1736 676 1763 κάκεῖνοι.
702 1733 747 1768 Μὴ
768 1733 863 1768 τοίνυν,

87 1783 177 1818 ἐπειδὴ
195 1782 382 1817 ἀποθνήσκεις,
394 1780 437 1809 διὰ
452 1783 529 1809 τοῦτο
539 1781 642 1818 δείσῃς,
662 1779 751 1818 φησὶν,
769 1781 803 1810 ὥς
818 1780 864 1808 οὐκ

87 1828 315 1866 ἀναστησόμενος·
341 1827 391 1855 εἰσὶ
407 1826 457 1865 γάρ
479 1838 561 1861 τινες,
585 1825 665 1860 εἰσὶν,
683 1825 707 1853 οἳ
727 1825 772 1853 καὶ
789 1828 864 1853 τοῦτο

88 1873 281 1913 διαφεύξονται·
297 1873 341 1901 καὶ
360 1871 432 1909 ὅμως
448 1873 494 1900 οὐκ
520 1873 593 1909 ἀρκεῖ
614 1873 691 1898 τοῦτο
719 1871 806 1902 αὐτοῖς
829 1872 865 1902 εἷς

88 1920 136 1955 τὴν
151 1919 295 1948 ἀνάστασιν
310 1918 421 1953 ἐκείνην,
437 1917 505 1945 ἀλλὰ
528 1918 567 1945 δεῖ
590 1916 636 1945 καὶ
657 1918 744 1945 ἐκεῖνα
765 1916 798 1944 τὰ
813 1916 865 1945 σώ-

91 1977 163 2003 ματα
177 1964 210 1993 τὰ
226 1964 262 2001 μὴ
278 1964 478 1998 ἀποθνήσκοντα
490 1964 650 2000 ἀλλαγῆναι,
662 1963 707 1991 καὶ
719 1963 755 1994 εἷς
768 1965 865 2002 ἀφθαρ-

91 2010 149 2039 σίαν
166 2013 333 2047 μεταπεσεῖν.
345 2009 391 2037 Ἐν
408 2008 515 2048 ἀτόμῳ,
535 2009 561 2036 ἐν
585 2010 648 2047 ῥιπῇ
671 2009 823 2047 ὀφθαλμοῦ,
839 2010 865 2036 ἐν

91 2057 124 2094 τῇ
140 2055 240 2094 ἐσχάτῃ
265 2054 401 2092 σάλπιγγι.
416 2054 483 2083 υΟτε
506 2053 593 2082 πολλὰ
616 2053 677 2093 περὶ
699 2054 867 2086 ἀναστάσεως

92 2101 228 2140 διελέχθη,
244 2100 303 2129 τότε
319 2100 445 2139 εὐκαίρως
462 2100 507 2128 καὶ
523 2099 553 2128 τὸ
567 2099 633 2128 πολὺ
650 2099 800 2138 παράδοξον
817 2101 868 2128 αὗ-

92 2149 139 2181 τῆς
159 2147 297 2175 δείκνυσιν.
319 2147 359 2175 Οὐ
385 2145 436 2184 γὰρ
457 2148 533 2174 τοῦτο
556 2146 706 2182 θαυμαστὸν
726 2145 814 2183 μόνον,
828 2146 869 2175 ὅτι

93 2191 207 2226 σήπεται
233 2191 337 2229 πρῶτον
362 2189 395 2217 τὰ
414 2189 540 2227 σώματα,
566 2190 611 2218 καὶ
629 2189 687 2217 τότε
714 2189 868 2231 ἀνίσταται,

93 2237 182 2276 φησιν,
196 2237 248 2264 οὐδ’
262 2236 301 2264 ὅτι
317 2235 436 2274 βελτίονα
459 2237 511 2263 τῶν
525 2237 569 2263 νῦν
581 2235 614 2264 τὰ
637 2237 666 2263 ἐκ
679 2237 730 2264 τῶν
747 2236 869 2273 σηπομέ-

94 2295 146 2311 νων
169 2281 348 2319 ἀνιστάμενα,
365 2282 417 2310 οὐδ’
434 2280 474 2309 ὅτι
494 2281 537 2309 ἐπὶ
561 2282 652 2320 πολλῷ
670 2281 776 2319 μείζονα
796 2281 869 2316 λῆξιν

97 2328 263 2366 μεταδαίνει,
279 2329 332 2356 οὐδ’
355 2327 395 2356 ὅτι
419 2327 529 2360 ἕκαστος
549 2327 578 2356 τὸ
599 2327 662 2356 ἴδιον
688 2328 872 2365 ἀπολαμὸάνει

97 2374 142 2403 καὶ
157 2374 238 2406 οὐδεὶς
249 2374 279 2403 τὸ
296 2373 399 2412 ἑτέρου,
415 2373 474 2402 ἀλλ’
489 2373 529 2401 ὅτι
549 2373 583 2402 τὰ
606 2376 722 2402 τοσαῦτα
737 2374 781 2402 καὶ
797 2375 872 2409 τηλι-

97 2423 183 2449 καῦτα
196 2420 241 2449 καὶ
255 2420 361 2449 πάντων
372 2419 499 2457 λογισμὸν
512 2419 557 2447 καὶ
569 2422 627 2448 νοῦν
639 2419 832 2459 ὑπερὸαίνοντα
847 2422 871 2449 ἐν
903 2426 908 2432 “

98 2466 189 2505 ἀτόμῳ
210 2466 324 2505 γίνεται,
340 2465 486 2501 τουτέστιν,
504 2467 530 2494 ἐν
544 2464 677 2504 ἀκαριαίῳ
699 2465 795 2504 χρόνῳ.
820 2466 873 2494 Καὶ

101 2518 186 2552 δηλῶν
213 2516 372 2556 σαφέστερον
386 2518 479 2551 τοῦτο,
498 2515 544 2544 Ἐν
570 2517 634 2554 ῥιπῇ
654 2516 800 2554 ὀφθαλμοῦ,
820 2527 874 2554 φη-

101 2567 152 2604 σὶν,
165 2567 224 2596 ὅσον
237 2567 316 2605 μύσαι
332 2567 474 2607 βλέφαρον.
489 2561 556 2595 Ιίἷτα
568 2565 659 2600 ἐπειδὴ
676 2566 744 2603 με’γα
761 2562 817 2595 εἷπε
831 2566 875 2595 καὶ

774 146 817 169 ΑΙ)
844 145 921 168 COR.

951 147 1068 169 nomn..
1098 147 1180 170 an.
1575 132 1639 177 461

895 211 966 248 quod
979 212 1088 250 quidem
1106 212 1168 241 facit
1179 212 1259 241 etiam
1280 211 1308 240 in
1326 211 1419 239 multis
1434 211 1507 240 locis.
1524 212 1638 240 Carnem

895 258 965 286 enim
978 258 1023 286 hic
1047 266 1123 287 vocat
1138 259 1208 287 mala
1222 269 1302 298 opera
1312 281 1319 295 ‚
1333 256 1405 296 quod
1425 265 1449 286 et
1470 258 1537 286 alibi
1558 258 1619 287 fecit
1630 280 1637 294 ‚

897 312 925 334 ut
936 306 1044 344 quando
1053 306 1118 335 dicit
1131 319 1136 334 ε
1150 308 1205 335 Vos
1218 314 1315 335 autem
1329 317 1386 335 non
1401 308 1468 334 estis
1483 308 1513 334 in
1530 316 1637 339 caroffi
1651 312 1707 334 Rom
1721 313 1744 335 8.
1756 320 1779 341 9.

895 358 920 380 et
931 363 1023 380 rursus
1034 375 1041 389 ‚
1063 354 1119 390 Qui
1132 360 1230 382 autem
1245 360 1310 382 sunt
1323 355 1353 381 in
1368 363 1457 381 carne
1469 375 1475 387 ,
1496 353 1560 380 Deo
1573 353 1638 390 pla-
1648 345 1671 368 δ’

895 408 959 426 cere
974 409 1031 426 uon
1055 406 1186 437 possunt.
1215 400 1397 434 Quamobrem
1421 399 1530 437 quando
1552 399 1620 427 dicit
1633 422 1639 431 ,

898 445 963 472 Hoc
979 451 1076 472 autem
1088 446 1170 479 Λίσος
1181 445 1247 474 nihil
1263 445 1337 474 uliud
1349 445 1430 483 dicit,
1445 456 1525 483 quam
1539 455 1566 473 se
1580 456 1641 484 pro-

898 496 986 528 pterca
1003 490 1052 518 hoc
1064 490 1176 525 dixisse,
1193 498 1222 520 ut
1234 491 1414 520 diseasmalas
1428 492 1544 520 actiones
1557 492 1584 519 in
1602 502 1642 519 rc-

898 546 981 574 gnum
996 548 1047 565 non
1067 537 1244 568 introducere.
1256 539 1318 567 Post
1334 538 1550 566 resurrectionem
1571 538 1641 565 enini

899 582 989 610 statim
1000 583 1079 611 etiam
1094 594 1242 612 sermonem
1254 584 1287 612 de
1298 595 1379 623 regno
1391 584 1536 612 introducit
1545 596 1552 619 ;
1561 591 1585 612 et
1601 583 1644 611 id-

899 639 930 656 co
953 629 1093 667 subjunxit
1110 641 1115 656 ε
1130 631 1231 668 Neque
1252 633 1398 669 corruptio
1417 630 1645 668 incorruptelam

900 676 1064 712 possidebit.
1082 676 1138 704 Hoc
1154 683 1207 710 est,
1222 676 1319 704 vitium
1334 687 1385 705 non
1399 676 1517 716 possidet
1533 676 1646 713 gloriani

902 720 977 748 illam
993 727 1017 748 et
1033 721 1229 760 perceptionem
1244 733 1274 750 ac
1285 722 1436 750 fruitionem
1453 721 1648 761 incorruptibi-

902 766 970 794 lium
985 777 1084 794 rerum.
1112 766 1217 795 Etenim
1242 768 1335 796 multis
1357 768 1383 796 in
1399 768 1464 796 locis
1478 779 1570 796 rursus
1586 777 1649 795 usus

904 819 942 839 est
952 812 1001 840 liae
1016 813 1204 851 appellatione,
1217 813 1308 842 dicens
1321 826 1326 841 τ
1342 815 1398 851 Qui
1407 816 1531 843 seminat
1545 816 1576 842 in
1587 824 1652 842 car·
1664 825 1718 846 Gal.
1727 823 1750 845 6.
1762 821 1785 844 8.

907 868 986 893 nem,
1003 868 1038 886 er
1057 868 1146 887 carne
1164 866 1250 887 metet
1269 862 1494 898 corruptionem.
1508 861 1536 888 Si
1563 866 1650 888 autem

905 902 1005 931 diceret
1019 903 1052 931 de
1075 914 1200 942 corpore,
1222 915 1274 933 non
1289 912 1378 934 autem
1393 905 1427 934 de
1447 906 1516 934 mala
1531 905 1650 941 actione,

907 960 958 977 non
970 949 1083 978 dixisset
1096 951 1308 989 corruptionem3
1324 963 1456 990 nusquam
1471 952 1542 981 enim
1556 963 1654 991 corpus

907 1002 983 1023 vocat
993 995 1205 1034 corruptionem;
1220 1007 1305 1035 neque
1315 998 1386 1026 enim
1397 999 1533 1037 corruptio
1548 1006 1596 1031 est.
1608 998 1654 1027 sed

906 1040 1090 1079 corruptibile.
1105 1042 1287 1076 Quamobrem
1301 1044 1454 1082 procedens,
1470 1051 1494 1072 et
1508 1044 1542 1072 de
1556 1056 1585 1072 eo
1598 1045 1652 1073 dis-

906 1096 1009 1121 serens,
1022 1097 1073 1115 non
1090 1087 1118 1115 id
1139 1087 1211 1116 dixit
1226 1089 1442 1128 corruptionem,
1454 1089 1501 1118 sed
1516 1091 1652 1129 corrupti-

907 1132 972 1167 bile,
985 1132 1076 1161 dicens
1093 1145 1098 1160 :
1119 1135 1239 1172 Oportet
1260 1136 1449 1173 corruptibile
1463 1137 1518 1164 hoc
1533 1137 1654 1164 induere

907 1181 1163 1218 incorruptionem.
1183 1179 1285 1209 Deinde
1297 1192 1359 1210 cum
1375 1181 1408 1210 de
1422 1182 1486 1211 vita}
1496 1181 1605 1221 agendae
1617 1193 1656 1211 ra-

907 1225 980 1253 tione
991 1225 1382 1264 absolvissetadmonitionem;
1392 1228 1463 1266 quod
1473 1239 1578 1268 semper
1589 1228 1655 1257 solet

909 1271 1011 1307 facere,
1028 1279 1216 1310 argumentum
1239 1281 1398 1311 argumento
1421 1274 1548 1303 continuo
1567 1274 1657 1303 admi-

911 1327 993 1351 scens,
1009 1317 1152 1346 revertitur
1168 1329 1262 1347 rursus
1277 1319 1310 1347 ad
1325 1319 1491 1358 loquendum
1510 1320 1544 1349 de
1565 1331 1658 1349 resur-

911 1363 1039 1399 rectione,
1051 1363 1089 1392 sic
1104 1363 1196 1393 dicens
1208 1375 1215 1391 t
1230 1366 1261 1394 51
1271 1388 1277 1394 .
1291 1367 1369 1394 Ecce
1383 1368 1556 1403 mysterium
1574 1368 1657 1395 vobis

911 1409 987 1437 dico.

953 1456 980 1482 9.
1004 1455 1195 1484 Venerandum
1206 1456 1347 1496 quidpiam
1359 1465 1384 1486 et
1400 1469 1538 1496 areanum,
1553 1459 1660 1498 etquod

915 1513 966 1530 non
975 1513 1066 1531 omnes
1078 1510 1186 1540 norunt,
1196 1511 1235 1533 est
1244 1504 1367 1534 dicturus
1381 1507 1470 1545 :quod
1482 1508 1562 1536 etiam
1573 1515 1660 1536 osten—

914 1548 954 1576 dit
978 1558 1106 1586 magnum
1127 1549 1254 1578 honorem
1270 1561 1323 1588 quo
1344 1562 1387 1580 cos
1401 1553 1502 1587 afficit,
1520 1564 1614 1592 nempe
1625 1553 1662 1582 eis

915 1605 1011 1623 meana
1025 1594 1122 1623 dicere.
1140 1595 1215 1631 Quid
1230 1596 1282 1625 hoc
1295 1604 1384 1625 autem
1405 1599 1461 1626 est?
1477 1600 1545 1627 Non
1564 1610 1662 1628 omnes

916 1641 1032 1679 quidem
1043 1643 1207 1677 moriemur,
1216 1649 1244 1670 et
1254 1653 1352 1671 omnes
1364 1645 1593 1674 immutabimur.
1608 1646 1663 1674 Hoc

916 1693 954 1715 cst
968 1693 1057 1714 autem
1072 1687 1143 1724 quod
1158 1687 1225 1716 dicit
1238 1700 1244 1715 :
1256 1689 1316 1717 Non
1327 1699 1418 1718 omnes
1434 1690 1543 1729 quidem
1564 1692 1663 1721 moric-

917 1743 989 1769 mur,
1002 1743 1092 1761 omnes
1106 1740 1195 1762 autem
1218 1733 1438 1773 immutabimur,
1450 1737 1530 1765 etiam
1544 1738 1590 1776 qui
1611 1748 1662 1766 non

917 1778 1071 1807 moriuntur
1085 1790 1090 1806 :
1105 1789 1166 1807 nam
1177 1779 1217 1808 illi
1229 1790 1335 1818 quoque
1345 1788 1406 1810 sunt
1422 1783 1555 1812 mortales.
1566 1785 1606 1812 Ne
1619 1795 1662 1812 er-

918 1835 951 1863 go
962 1824 1089 1862 quoniam
1100 1825 1221 1854 morieris
1233 1848 1240 1861 ,
1261 1833 1402 1866 propterea
1412 1850 1421 1865 7
1440 1828 1546 1867 inquit,
1572 1830 1666 1858 timeas

918 1877 1055 1908 tamquam
1067 1880 1118 1898 non
1129 1878 1325 1901 resurrecturus
1336 1885 1342 1901 z
1353 1880 1414 1902 sunt
1423 1874 1504 1911 enim,
1517 1882 1579 1903 sunt
1586 1875 1666 1904 etiam

919 1916 1004 1954 aliqui
1019 1916 1065 1953 qui
1078 1915 1129 1944 hoc
1144 1916 1287 1954 effugient3
1297 1924 1418 1947 ettamen
1430 1919 1481 1948 hoc
1495 1920 1534 1949 eis
1549 1931 1601 1949 non
1610 1921 1665 1949 suf-

921 1964 977 1992 licit
991 1963 1025 1992 ad
1042 1963 1407 2001 illamresurrectionem,sed
1419 1974 1523 2006 oportet
1537 1968 1583 1997 illa
1597 1979 1665 2006 quo-

919 2020 971 2048 quc
994 2021 1104 2049 corpora
1130 2021 1189 2048 quae
1213 2021 1265 2039 non
1294 2011 1464 2051 moriuntur,
1483 2014 1619 2043 immutari
1642 2021 1667 2043 ct

921 2057 1035 2085 transire
1047 2057 1081 2085 ad
1098 2057 1334 2096 incorruptionem.
1345 2059 1392 2088 52
1408 2061 1445 2088 In
1461 2068 1618 2097 momento,
1636 2065 1667 2090 in

923 2107 982 2132 ictu
1000 2105 1093 2141 oculi,
1112 2107 1143 2132 in
1166 2107 1325 2134 novissima
1341 2108 1421 2136 tuba.
1436 2108 1572 2143 Quoniam
1591 2110 1666 2138 mul-

923 2158 982 2179 tum
996 2151 1147 2190 disputavit
1159 2151 1193 2179 de
1216 2153 1423 2190 resurrectione,
1436 2161 1499 2183 tunc
1520 2163 1669 2195 opportune

923 2197 1040 2226 ostendit
1052 2196 1081 2225 id
1092 2197 1164 2235 quod
1179 2198 1252 2226 estin
1265 2209 1294 2226 ea
1304 2198 1464 2229 admirabile
1472 2208 1496 2229 et
1507 2209 1602 2240 praeter
1611 2203 1670 2242 opi-

924 2243 1042 2271 nionem.
1059 2244 1118 2271 Non
1131 2250 1169 2271 est
1181 2243 1253 2272 enim
1272 2243 1323 2272 hoc
1338 2245 1425 2274 solum
1440 2247 1578 2285 mirabile,
1597 2249 1671 2287 quod

924 2288 1043 2327 primum
1054 2295 1211 2327 putrescunt
1224 2299 1334 2329 corpora
1348 2297 1374 2319 et
1386 2298 1448 2320 tunc
1459 2301 1612 2332 resurgunt,
1626 2294 1669 2324 in-

927 2334 1002 2372 quit;
1019 2341 1043 2362 et
1059 2334 1131 2372 quod
1142 2334 1185 2372 iis,
1198 2346 1256 2373 quae
1272 2346 1343 2364 nunc
1354 2345 1426 2372 sunt,
1439 2339 1547 2368 meliora
1560 2351 1590 2369 ac
1602 2351 1671 2380 prae-

927 2380 1054 2408 stantiora
1068 2391 1127 2418 quae
1143 2389 1299 2419 resurgunt;
1316 2389 1342 2411 et
1356 2383 1428 2421 quod
1440 2384 1560 2423 adlonge
1573 2387 1671 2416 melio-

929 2436 985 2454 rem
1000 2432 1133 2454 transeant
1147 2427 1336 2463 conditionem⁷
1350 2440 1434 2467 neque
1446 2431 1518 2468 quod
1532 2433 1672 2471 unusquis-

929 2484 980 2511 que
997 2474 1068 2511 quod
1083 2474 1223 2513 proprium
1237 2483 1275 2504 est
1287 2477 1400 2516 accipiat
1412 2500 1420 2513 ‚
1437 2485 1462 2506 et
1485 2479 1577 2507 nullus
1600 2481 1672 2519 quod

929 2519 1038 2548 alterius
1051 2532 1057 2547 z
1068 2519 1114 2549 sed
1123 2521 1194 2559 quod
1207 2528 1260 2550 tam
1272 2523 1365 2561 multa,
1376 2531 1448 2553 tanta
1460 2532 1485 2554 et
1500 2526 1605 2563 talia‚ct
1615 2538 1673 2565 quae

930 2578 1036 2596 omnem
1049 2576 1174 2608 superant
1183 2569 1313 2599 rationem
1323 2578 1348 2600 et
1361 2579 1487 2611 mentem,
1504 2573 1568 2602 siant
1580 2575 1605 2603 in
1618 2586 1660 2603 mo
