1906 2866
568 170 599 192 IN
630 170 738 192 EPtST.
762 170 798 192 11.
828 169 873 191 AD

101 229 138 269 μὴ
155 229 257 270 γένοιτο
268 242 273 247 ·
289 230 376 260 “οἷλλὰ
396 231 425 260 τὸ
447 231 495 266 τῆς
515 231 638 266 νηστείας
654 235 771 271 κρεῖττον
792 235 876 259 ποιεῖν

101 283 246 320 παραινῶν,
261 281 291 309 τὸ
306 281 393 316 πάσης
413 281 506 314 κακίας
521 282 678 321 ἀπέχεσθαι.
691 281 816 322 ἽΙμαρτε
832 283 877 311 καὶ

103 333 115 359 ὃ
131 331 228 359 Δαυίδ·
244 331 342 369 ἴδωμεν
353 327 396 359 οῧν
412 332 457 360 καὶ
472 327 544 364 οὗτος
562 334 618 364 πῶς
635 333 787 369 μετενόησε.
798 333 877 372 Τρεῖς

104 380 206 420 ἡμέρας
228 381 346 410 ἐκάθισεν
361 382 404 410 ἐπὶ
422 381 526 421 τέφρας.
543 382 611 410 Ἀλλ’
627 383 723 414 ἐκεῖνος
743 383 792 420 οὐχ
813 382 879 421 ὑπὲρ

105 434 152 466 τῆς
164 431 295 470 ἁμαρτίας
314 432 413 469 ἐποίει,
424 434 481 461 ἀλλ’
494 433 559 472 ὑπὲρ
582 436 626 461 τοῦ
642 433 763 469 παιδίου,
779 432 879 470 μεθύων

106 481 145 510 ἔτι
157 484 194 521 τῷ
211 482 301 511 ποίθει·
322 482 369 517 τῆν
391 483 417 512 δὲ
441 484 573 522 ἁμαρτίαν
598 484 693 523 ἑτέρως
718 484 878 523 ἀπέσμηχε,

105 532 328 572 ταπεινοφροσύνῃ
338 556 345 568 ,
356 535 481 575 συντριὸῇ
493 535 614 574 καρδίας,
627 535 765 568 κατανύξει
776 536 862 574 ψυχῆς
871 557 878 569 ,

105 584 143 621 τῷ
159 582 254 619 μηκέτι
271 588 324 616 τοῖς
338 586 423 617 αὐτοῖς
435 590 596 625 περιπεσεῖν,
611 587 649 620 τῷ
665 586 815 624 μεμνῆσθαι
826 585 879 620 διη-

105 634 185 665 νεκῶς
200 634 293 667 αὐτῆς,
310 636 346 674 τῷ
357 636 441 675 φέρειν
458 636 620 675 εὐχαρίστως
631 636 665 665 τὰ
675 636 783 664 ἐπιόντα
795 636 877 664 ἅπαν-

104 694 153 716 τα,
168 685 205 722 τῷ
220 684 353 722 φείδεσθαι
369 688 420 714 τῶν
436 687 596 722 λυπούντων,
612 689 649 726 τῷ
675 687 711 724 μὴ
733 686 878 724 ἀμύνεσθαι

103 733 162 766 τοὺς
175 735 403 771 ἐπιδουλεύοντας,
418 738 485 767 ἀλλὰ
495 739 539 767 καὶ
551 738 609 771 τοὺς
622 738 793 777 βουλομένους
803 741 878 766 τοῦτο

103 789 196 820 ποιεῖν,
211 787 329 815 κωλύειν.
349 787 414 816 ‘'O-ce
435 792 495 824 γοῦν
517 789 593 817 αὐτὸν
618 791 631 816 ὁ
657 787 752 825 Σεμεεὶ
777 787 877 826 μυρίοις

103 834 212 863 ἔπλυνεν
228 837 352 872 ὀνείδεσι,
367 842 412 867 τοῦ
429 842 577 877 στρατηγοῦ
596 841 641 866 τοῦ
657 838 785 876 παρόντος
805 839 876 875 ἀγα-

102 889 265 921 νακτοῦντος,
287 887 384 926 ἔλεγεν,
399 888 474 928 Ἄφες
490 889 566 917 αὐτὸν
582 887 746 927 καταρᾶσθαί
762 899 794 925 με
805 909 812 922 ,
836 887 875 914 ὅτι

103 934 198 974 Κύριος
220 938 365 967 ἐνετείλατο
380 941 460 977 αὐτῷ.
476 939 593 978 Καρδίαν
615 938 666 977 γὰρ
682 936 876 974 συντετριμμέ-

101 997 148 1020 νην
162 986 207 1014 καὶ
219 989 447 1026 τεταπεινωμένην
471 984 552 1028 εἶχεν,
574 988 587 1016 ὃ
604 989 720 1026 μάλιστα
743 988 821 1014 αὐτοῦ
842 985 875 1014 τὰ

101 1036 281 1075 ἁμαρτήματα
295 1039 437 1077 ἀπέσμηχε
447 1051 452 1056 ·
467 1039 512 1066 καὶ
527 1039 576 1077 γὰρ
587 1041 663 1067 τοῦτο
673 1036 856 1075 ἐξομολόγησις
866 1059 873 1071 ,

100 1089 175 1115 τοῦτο
198 1088 333 1124 μετάνοια.
349 1087 393 1117 Ἂν
410 1089 436 1118 δὲ
454 1089 622 1125 νηστεύοντες
646 1088 768 1121 ἀλαζόνες
791 1081 873 1125 ὦμεν,

100 1139 129 1165 οὔ
154 1138 232 1176 μόνον
247 1138 319 1167 οὐδὲν
345 1140 530 1178 ὠφελήθημεν,
548 1139 616 1168 ἀλλὰ
638 1139 683 1168 καὶ
708 1139 870 1177 ε’ὅλάέημεν.

101 1188 272 1217 Τονπείνωσον
285 1190 370 1218 τοίνυν
381 1191 428 1226 τὴν
444 1191 553 1229 καρδίαν
570 1191 615 1218 καὶ
630 1189 676 1226 σὺ,
689 1189 731 1218 ἵνα
746 1190 788 1218 τὸν
804 1189 872 1218 Θεὸν

99 1241 252 1279 ἐπισπάσῃ·
270 1242 366 1281 Ἐγγὺς
379 1243 430 1281 γὰρ
450 1243 547 1281 Κύριος
569 1247 622 1274 τοῖς
644 1241 873 1281 συντετριμμένοις

98 1295 132 1332 τῇ
148 1294 252 1334 καρδίᾳ.
274 1295 334 1334 Οὐχ
356 1298 418 1334 ὁρᾷς
433 1297 458 1324 ἐν
474 1300 531 1328 ταῖς
546 1295 641 1327 οἰκίαις
654 1299 712 1327 ταῖς
737 1295 873 1332 λαμπραῖς

97 1345 157 1379 τοὺς
174 1347 371 1385 ἠτιμωμένους,
385 1350 440 1380 πῶς
457 1348 515 1377 οὐδὲ
535 1350 587 1377 τῶν
605 1347 750 1376 ἐλαττόνων
765 1348 872 1376 οἰκετῶν

96 1397 253 1436 ὑδριζόντων
270 1398 363 1432 αὐτοὺς
387 1401 433 1428 οὐκ
460 1398 650 1437 ἀντιλέγουσιν,
671 1397 739 1427 ἀλλὰ
765 1398 870 1438 φέρουσι

95 1451 137 1480 διὰ
149 1452 197 1488 τὴν
212 1452 331 1489 ἀτιμίαν,
351 1449 370 1492 ᾗ
390 1452 546 1492 περιεΈαλεν
574 1452 665 1483 αὐτοὺς
689 1453 705 1486 ἦ
735 1451 868 1491 ἇμαρ’τία;

93 1503 174 1532 Οὕτω
186 1505 231 1533 καὶ
246 1505 276 1533 σὺ
293 1505 377 1534 ποίει·
394 1505 443 1534 κᾶν
456 1505 598 1544 λοιδορήσῃ
610 1505 640 1534 σέ
652 1517 708 1540 τις,
726 1504 761 1542 μὴ
774 1504 868 1543 ἀγριά-

91 1566 150 1593 νῃς,
166 1555 234 1585 ἀλλὰ
255 1556 389 1592 στέναξον,
404 1556 440 1594 μὴ
457 1556 502 1584 ἐπὶ
522 1558 554 1594 τῇ
570 1556 661 1594 offlam,
687 1556 745 1584 ἀλλ’
767 1556 810 1584 ἐπὶ
834 1558 866 1593 τῇ

90 1606 209 1647 ἁμαρτία
223 1609 256 1645 τῇ
272 1619 300 1635 σε
315 1609 351 1639 εἷς
368 1607 475 1645 ἀτιμίαν
489 1607 651 1645 ἐμέῗαλούσῄ,
667 1606 795 1638 Στέναξον
805 1606 867 1634 ὅταν

90 1656 227 1695 ἁμάρτῃς,
249 1656 285 1694 μὴ
300 1657 339 1685 ὅτι
353 1657 508 1690 κολάζεσθαι
528 1656 647 1694 μέλλεις·
662 1659 738 1685 τοῦτο
752 1655 803 1695 γὰρ
819 1657 866 1684 οὐ-

89 1709 131 1738 δέν
142 1721 148 1726 ·
165 1710 223 1737 ἀλλ’
235 1708 276 1738 ὅτι
287 1709 483 1749 προσέκρουσοίς
497 1721 542 1738 σου
554 1711 591 1749 τῷ
603 1709 724 1747 Δεσπότῃ
737 1711 774 1749 τῷ
785 1708 867 1741 οὕτως

89 1761 247 1801 ἡμέρῳ,τῷ
260 1761 329 1790 οὕτω
351 1774 380 1790 σε
400 1763 516 1801 φιλοῦντι
540 1761 584 1790 καὶ
607 1761 797 1800 ἐκκρεμαμένῳ
818 1763 866 1795 τ’ῆς
887 1790 897 1807 6

90 1813 223 1853 σωτηρίας
236 1816 284 1848 τ’ἤς
299 1816 363 1849 σῆς,
379 1815 414 1845 ὡς
438 1814 481 1842 καὶ
496 1814 540 1842 τὸν
567 1813 629 1842 Υἱὸν
645 1814 780 1842 ἐπιδοῦναι
799 1813 865 1852 ὑπὲρ
884 1818 903 1839 Λ
920 1800 944 1828 sa

90 1870 143 1896 σοῦ’.
158 1866 210 1896 Διὰ
224 1869 307 1894 ταῦτα
323 1865 454 1911 στέναξον,
476 1866 521 1894 καὶ
535 1869 612 1894 τοῦτο
633 1866 704 1894 ποίει
725 1866 849 1900 διηνεκῶς
859 1877 864 1883 ·

90 1928 166 1954 τοῦτο
180 1925 231 1965 γὰρ
243 1924 436 1964 ἐξομολόγησις.
454 1923 500 1960 Μὴ
516 1927 559 1952 νῦν
573 1923 620 1962 μὲν
635 1923 760 1963 φαιδρὸς,
775 1924 865 1963 αὔριον

90 1978 117 2007 δὲ
134 1978 300 2017 σκυθρωπὸς,
316 1973 373 2006 εἶτα
387 1977 509 2016 φαιδρὸς,
523 1977 591 2006 ἀλλὰ
605 1977 746 2010 διαπαντὸς
762 1977 823 2015 μένε
838 1979 865 2005 ἐν

88 2033 126 2070 τῷ
139 2033 241 2060 πενθεῖν
252 2030 297 2059 καὶ
309 2029 454 2069 συντρίὸειν
470 2029 574 2058 σαυτόν.
589 2029 725 2068 Μακάριοι
741 2029 802 2068 γὰρ,
814 2042 865 2068 φη-

90 2084 141 2119 σὶν,
169 2083 192 2112 οἷ
217 2085 383 2118 πενθοῦντες,
411 2081 556 2118 τουτέστιν,
587 2082 610 2109 οἱ
639 2082 765 2116 διηνεκῶς
788 2086 864 2111 τοῦτο

90 2139 234 2168 ποιοῦντες.
251 2134 322 2164 Μένε
336 2138 413 2164 τοῦτο
436 2137 518 2163 ποιῶν
542 2135 682 2170 διηνεκῶς,
707 2135 751 2162 καὶ
774 2138 864 2175 σαυτῷ

89 2189 238 2228 προσέχων,
252 2189 296 2217 καὶ
311 2188 456 2228 συντρίὸων
469 2200 513 2216 σου
531 2188 578 2222 τὴν
597 2187 717 2226 καρδίαν,
732 2189 767 2220 ὡς
782 2188 812 2216 ἄν
825 2200 864 2221 τις

89 2241 196 2280 γνήσιον
216 2241 271 2270 υἱον
290 2239 434 2269 ἀποὸαλὼν
449 2240 566 2274 πενθοίη.
589 2239 769 2278 Διαρρήξατε,
785 2240 863 2278 φησὶ,

89 2292 136 2325 τὰς
158 2293 267 2332 καρδίας
288 2295 374 2331 ὑμῶν,
389 2292 435 2321 καὶ
456 2291 492 2330 μὴ
513 2292 547 2320 τὰ
561 2291 656 2329 ἱμάτια
678 2293 760 2329 ὑμῶν.
776 2292 816 2321 Τὸ
839 2291 866 2321 δὲ

89 2344 227 2383 διεῤῥωγὸς
242 2346 289 2373 οὐκ
303 2344 333 2373 ἂν
343 2344 468 2384 ἐπαρθείη
480 2357 484 2361 ·
500 2343 531 2371 τὸ
543 2343 762 2382 συντετριμμένον
774 2345 820 2372 οὐκ
835 2344 865 2372 ἂν

89 2395 258 2431 ἐξανασταίη.
278 2395 329 2424 Διὰ
348 2398 425 2424 τοῦτο
447 2398 460 2423 ὃ
481 2394 528 2433 μὲν
550 2394 636 2433 λέγει,
652 2395 836 2435 Διαῤῥήξατε,
851 2398 865 2424 ὁ

91 2448 118 2476 δὲ
129 2447 216 2486 λέγει,
232 2448 350 2486 Καρδίαν
365 2447 589 2487 συντετριμμένην
606 2447 651 2476 καὶ
667 2448 864 2485 τεταπεινωμέ-

125 2563 134 2573 ³
154 2556 202 2586 [A.
215 2558 275 2580 ma
285 2558 346 2586 μετὰ
360 2555 418 2586 mn]

901 169 977 191 COR.
1010 169 1128 191 1103111„
1159 169 1207 192 lv.

1608 159 1671 203 5111

932 232 982 258 eis.
997 231 1057 259 Non
1079 230 1151 259 dixit
1161 253 1168 267 ⁷
1183 230 1265 260 Vidit
1276 230 1410 270 jejunium
1427 237 1452 259 et
1467 230 1586 259 cilicium
1599 242 1629 260 ac
1643 233 1678 260 ci-

932 286 1033 304 nerem.
1052 278 1107 305 Nec
1122 283 1210 305 tamen
1225 276 1284 305 baec
1298 288 1328 305 eo
1344 276 1418 312 dico,
1434 283 1464 305 ut
1475 277 1609 316 jejunium
1627 278 1679 306 tol-

896 335 914 357 ρ
932 322 986 350 lam
1000 334 1008 360 3
1025 330 1128 351 avertat
1140 323 1191 351 hoc
1200 325 1286 357 Deus;
1302 323 1347 351 sed
1362 330 1390 351 ut
1402 334 1449 351 vos
1461 323 1496 352 ad
1506 323 1545 359 id,
1558 324 1630 362 quod
1639 325 1679 364 je-

929 369 1007 408 junio
1020 370 1189 408 praestantius
1204 377 1253 403 cst,
1264 369 1416 398 faciendum
1426 369 1584 405 horter,hoc
1595 377 1642 406 est,
1651 378 1680 399 ut

933 415 966 443 ab
979 415 1052 443 omni
1067 415 1133 443 vitio
1155 415 1319 444 abstineatis.
1331 415 1453 444 Peccavit
1470 415 1550 444 etiam
1570 416 1675 445 David:

933 461 1074 490 videmnus
1092 461 1175 500 igitur
1195 473 1248 499 quo
1269 468 1346 501 pacto
1364 461 1409 490 hic
1424 472 1530 500 quoque
1547 462 1679 501 poeniten-

933 508 999 536 tiam
1013 509 1106 547 egerit.
1120 510 1186 538 Tres
1198 515 1266 536 totos
1277 508 1373 536 diesin
1386 508 1473 536 cincre
1487 509 1567 537 sedit.
1584 511 1619 537 At
1634 509 1678 537 ille

933 554 1043 593 quidem
1068 555 1118 583 hoe
1132 566 1183 583 non
1198 555 1233 583 ob
1247 562 1385 593 peccatum
1398 555 1470 591 fecit,
1483 555 1530 584 scd
1544 555 1595 584 filii
1611 566 1677 584 cau-

933 612 962 629 sa
973 624 980 634 ,
995 601 1147 630 calamitate
1162 601 1292 629 nimirum
1307 601 1397 629 adhuc
1419 602 1581 631 temulentus
1597 615 1603 630 :
1618 614 1677 642 pec-

932 654 1021 676 catum
1037 655 1126 676 autem
1140 647 1193 676 alio
1210 646 1290 676 modo
1308 647 1443 683 abstersit,
1457 658 1552 687 nempe
1567 659 1615 688 per
1626 649 1677 677 hu-

932 694 1085 730 militatem,
1109 704 1156 733 per
1179 693 1268 721 cordis
1292 693 1490 731 contritionem,
1508 704 1556 732 per
1582 694 1677 723 animae

932 740 1182 779 compunctionem,
1199 739 1266 767 dum
1290 740 1370 767 ctiam
1395 739 1465 767 illud
1488 747 1579 776 cavet,
1595 751 1628 769 ne
1649 741 1676 769 in

930 785 1022 814 eadem
1040 785 1186 819 relabatur,
1202 785 1267 813 dum
1291 785 1390 822 peccati
1415 796 1561 824 numquam
1578 797 1676 816 memo-

931 831 999 859 riam
1024 832 1131 870 abjicit,
1160 831 1226 860 dum
1251 831 1381 859 irruentes
1405 842 1496 860 omues
1520 833 1677 862 acerbitates

893 895 912 916 D
930 884 1006 915 grato
1021 878 1110 906 animo
1125 878 1190 912 sert,
1207 876 1273 904 dum
1289 877 1323 905 iis
1337 888 1352 905 a
1369 878 1468 915 quibus
1481 879 1602 907 molestia
1613 880 1674 907 affi-

930 923 1000 950 citur
1026 923 1127 961 parcit,
1147 923 1214 951 dum
1237 933 1280 951 eos
1303 923 1350 960 qui
1376 923 1428 961 ipsi
1448 924 1559 953 insidias
1580 932 1676 963 parant

930 981 983 998 non
998 970 1152 1005 ulciscitur,
1166 971 1220 998 imo
1232 981 1276 999 eos
1287 971 1333 1008 qui
1349 970 1376 998 id
1392 971 1478 1000 facere
1489 972 1601 1011 cupiunt
1613 984 1675 1011 pro-

929 1016 1015 1046 hibet.
1032 1017 1102 1044 Nam
1126 1027 1188 1045 cnm
1210 1017 1299 1046 semei
1321 1027 1382 1045 eum
1406 1017 1555 1047 innumeris
1569 1019 1675 1058 probris

929 1063 1070 1099 obrueret,
1084 1074 1114 1092 ac
1128 1063 1287 1091 militarium
1302 1063 1443 1102 copiarum
1459 1065 1597 1103 prcefectus
1608 1088 1615 1100 ‚
1627 1067 1674 1104 qui

928 1116 986 1138 tum
1013 1109 1123 1145 aderat,
1139 1109 1169 1138 id
1196 1109 1308 1148 indigno
1329 1110 1420 1139 animo
1445 1111 1541 1147 ferret,
1567 1112 1673 1141 dicebat

927 1156 996 1184 Sine
1015 1156 1101 1184 illum
1123 1157 1196 1184 milti
1220 1158 1502 1186 maledicere:Deus
1519 1161 1595 1186 enim
1619 1160 1674 1186 Ῐιοε

927 1203 954 1228 ei
965 1204 1112 1240 proecepit.
1122 1202 1175 1229 Cor
1189 1202 1290 1241 quippe
1301 1204 1446 1231 contritum
1462 1210 1487 1231 et
1498 1203 1672 1232 humiliatum

926 1246 1054 1284 habebat,
1071 1247 1143 1285 quod
1169 1247 1252 1286 ipsius
1273 1255 1381 1287 peccata
1404 1249 1522 1277 maxime
1537 1250 1672 1288 absterge-

926 1292 971 1321 bat
981 1305 987 1320 :
997 1303 1060 1321 nam
1074 1293 1125 1322 hoc
1140 1293 1268 1322 consessio
1278 1316 1285 1329 ,
1300 1293 1351 1322 hoc
1365 1295 1521 1333 poenitentia
1534 1302 1581 1323 est.
1591 1296 1674 1332 Quod

890 1355 908 1376 E
927 1339 948 1366 si
970 1339 1122 1378 jejunantes
1144 1340 1296 1378 arrogantia
1322 1340 1491 1377 laboremus,
1515 1352 1568 1370 non
1593 1342 1674 1371 modo

926 1385 1034 1413 nullum
1046 1385 1110 1414 hinc
1128 1386 1354 1423 emolumentum,
1371 1387 1417 1415 sed
1434 1387 1515 1415 etiam
1530 1387 1673 1417 detrimen-

924 1437 981 1459 tum
1005 1431 1150 1470 capiemus.
1165 1432 1350 1467 Quamobrem
1366 1439 1394 1460 tu
1414 1443 1520 1471 quoque
1535 1444 1580 1462 cor
1594 1441 1671 1463 tuum

923 1477 1048 1513 demitte,
1070 1485 1100 1506 ut
1117 1479 1207 1506 Deum
1226 1478 1452 1518 alliciaszPrope
1471 1479 1542 1508 enim
1564 1486 1607 1508 est
1626 1481 1671 1509 liis

923 1526 974 1562 qui
993 1525 1135 1552 tribulato
1160 1531 1228 1553 sunt
1260 1526 1356 1553 corde.
1375 1527 1472 1553 Annon
1497 1525 1574 1554 vides
1599 1537 1671 1564 quo-

922 1569 1002 1598 modo
1022 1569 1048 1597 in
1073 1570 1221 1608 splendidis
1244 1570 1349 1598 aedibus
1367 1570 1404 1606 ii,
1420 1571 1465 1608 qui
1481 1571 1611 1599 dedecore
1626 1573 1670 1600 af-

921 1614 981 1642 fecti
1002 1621 1074 1650 suut,
1088 1625 1150 1643 cum
1165 1615 1244 1643 etiam
1268 1615 1303 1643 ab
1325 1615 1427 1644 infimis
1449 1616 1602 1654 quibusque
1615 1628 1670 1646 scr-

922 1660 962 1688 vis
973 1660 1164 1688 contumeliam
1179 1661 1327 1700 accipiunt,
1342 1672 1393 1689 non
1410 1668 1498 1690 tamen
1519 1663 1670 1692 collucten-

921 1713 980 1742 tur,
993 1706 1037 1735 sed
1054 1706 1088 1735 ob
1103 1706 1243 1735 infamiam
1255 1717 1313 1735 eam
1325 1729 1332 1741 ‚
1348 1717 1429 1744 quam
1448 1715 1587 1746 peccatum
1604 1709 1669 1748 ipsis

920 1753 1030 1789 inussit,
1049 1763 1126 1791 aequo
1141 1753 1231 1781 animo
1246 1753 1276 1781 id
1290 1754 1400 1782 ferant?
1413 1753 1489 1782 Idem
1511 1765 1617 1793 quoque
1639 1763 1669 1784 tu

948 1799 1051 1827 cias:si
1067 1799 1128 1836 quis
1142 1806 1168 1827 te
1185 1799 1314 1827 conviciis
1330 1799 1490 1837 insectetur,
1509 1811 1542 1828 ne
1555 1811 1669 1841 exaspe-

920 1846 1003 1881 reris,
1017 1845 1063 1874 sed
1076 1845 1246 1883 ingemiscas,
1264 1856 1316 1873 non
1332 1845 1367 1873 ob
1390 1846 1494 1874 illatam
1506 1847 1556 1875 tibi
1570 1856 1666 1876 contu—

920 1891 1044 1927 meliam,
1062 1890 1108 1919 sed
1121 1892 1156 1919 ob
1174 1898 1313 1930 peccatum
1330 1891 1403 1928 quod
1414 1898 1440 1919 te
1452 1892 1479 1920 in
1492 1892 1667 1931 ignominiam

920 1938 1041 1977 conjecit.
1066 1937 1134 1965 Cum
1160 1937 1314 1976 peccaveris
1337 1937 1492 1975 ingemisce,
1519 1949 1571 1968 non
1595 1941 1667 1978 quod

919 1996 1010 2025 poenas
1028 1984 1141 2012 daturus
1153 1984 1200 2015 siS,
1217 1983 1287 2011 nihil
1305 1984 1376 2011 enim
1391 1983 1442 2012 hoc
1457 1991 1512 2020 est;
1531 1986 1580 2014 sed
1594 1987 1667 2025 quod

919 2031 1068 2059 Dominum
1083 2036 1161 2058 tuum
1185 2028 1341 2063 offenderis,
1358 2035 1414 2057 tam
1428 2030 1594 2069 benignum,
1611 2039 1666 2060 tam

918 2085 944 2106 te
958 2084 1105 2111 amantem,
1117 2084 1173 2105 tam
1187 2075 1302 2113 denique
1323 2075 1405 2104 saluti
1426 2083 1480 2104 tuae
1502 2088 1664 2116 appensum,

919 2131 950 2152 ut
964 2124 1065 2151 Filium
1081 2133 1187 2160 quoque
1202 2132 1282 2150 suum
1300 2128 1345 2149 tua
1361 2132 1440 2150 causa
1452 2122 1605 2152 tradiderit.
1621 2125 1666 2152 In-

919 2170 1036 2208 gemisce
1051 2168 1123 2203 ideo,
1139 2178 1226 2206 neque
1239 2178 1371 2205 umquam
1387 2167 1414 2196 id
1428 2168 1516 2197 facere
1529 2169 1665 2198 intermit—

918 2216 1074 2245 tezetenim
1095 2215 1147 2243 hoc
1171 2214 1282 2242 demum
1296 2221 1335 2242 est
1349 2214 1487 2243 consessio.
1507 2215 1567 2243 Non
1594 2225 1666 2244 nunc

919 2263 1023 2299 laetum,
1039 2272 1097 2290 cras
1116 2267 1206 2288 autem
1225 2266 1349 2288 moestum
1365 2270 1396 2287 ac
1410 2270 1518 2288 rursum
1533 2260 1624 2289 laetum
1641 2268 1666 2289 te

920 2308 1027 2348 praebe;
1042 2317 1137 2336 verum
1150 2313 1278 2346 perpetuo
1290 2305 1318 2333 in
1333 2306 1410 2334 luctu
1423 2315 1454 2334 ac
1469 2305 1508 2333 tui
1525 2307 1665 2335 contritio-

882 2351 900 2374 Β
919 2365 952 2384 ne
965 2365 1053 2383 mane.
1080 2355 1167 2382 Beati
1189 2354 1278 2389 enim,
1296 2353 1395 2390 inquit,
1413 2355 1464 2392 qui
1487 2354 1597 2392 lugent,
1613 2354 1664 2382 hoc

918 2410 968 2439 est,
977 2402 1023 2441 qui
1034 2401 1143 2431 assidue
1154 2402 1204 2430 hoc
1217 2402 1328 2430 faciunt.
1338 2401 1395 2429 Hoc
1406 2412 1511 2440 semper
1526 2401 1618 2439 facias,
1630 2403 1662 2431 ti-

918 2450 1000 2488 bique
1010 2448 1140 2485 attendas,
1151 2459 1181 2477 ac
1192 2454 1285 2487 pectus
1297 2454 1373 2476 tuum
1384 2454 1515 2485 conteras,
1524 2458 1576 2476 non
1587 2458 1662 2477 secus

1689 514 1778 542 2.Reg.
1790 521 1825 536 iz.

1684 1161 1773 1188 2.I1eg.
1788 1160 1824 1182 16.

1686 1198 1723 1212 ιο.

1684 1223 1750 1244 Psal.
1771 1223 1810 1245 50.

1688 1261 1722 1282 ¹9-

1686 1486 1748 1507 Psal.
1768 1486 1806 1507 33.

1686 1523 1721 1545 19.

1674 2357 1815 2380 ,ῖΙιιΗΙμόἇ-
