1891 2866
263 183 329 217 350
593 197 620 219 s.

257 256 325 284 sisti.
342 255 447 285 Etenim
462 257 639 296 longanimis
653 257 713 286 ideo
736 258 844 294 dicitur,
859 259 920 297 quia
937 259 994 287 lon-

257 312 322 339 gum
338 302 480 340 quemdam
493 310 519 331 ct
533 314 658 343 magnum
674 304 753 333 habet
775 305 893 333 animum
906 316 911 332 t
923 304 994 342 quod

256 355 345 376 autem
358 348 465 387 longum
477 356 524 385 est,
533 350 610 378 ctiam
623 361 748 389 maguum
761 351 867 379 dicitur.
882 350 933 379 Sed
945 350 994 378 hoc

256 393 357 422 honum
373 405 406 422 ex
427 395 534 424 caritate
547 396 643 427 oritur,
659 403 683 424 et
701 396 742 431 iis,
757 396 802 433 qui
830 406 887 423 eam
910 396 994 434 possi-

255 438 318 468 dent
342 440 440 479 illaque
465 441 600 475 fruuntur,
617 452 738 480 maguam
754 441 823 480 parit
839 441 991 470 utilitatem.

255 485 296 513 Ne
317 485 383 514 mihi
400 487 471 515 enim
493 487 643 526 desperatos
667 487 784 520 dixeris,
808 486 854 524 qui
869 486 938 515 male
957 487 993 515 fa-

255 531 360 568 cientes,
372 543 456 571 neque
464 534 592 573 patientes
607 533 683 568 male,
699 532 925 561 fiuntdeteriores.
943 533 994 561 Hic

255 588 306 606 non
320 589 353 607 ex
367 579 493 618 patientia
506 580 596 618 hujus,
609 579 653 607 sed
673 579 707 607 ab
722 579 765 615 iis,
784 578 830 616 qui
844 578 889 606 illa
901 589 951 607 non
964 586 992 608 ut

254 635 303 663 par
313 632 378 653 esset
392 632 511 660 utuntur,
530 625 580 653 hoc
600 624 704 653 accidit.
720 625 760 653 Ne
770 624 858 663 itaque
868 625 933 653 mihi
944 625 992 655 lios

253 670 362 707 dixeris,
375 671 420 699 sed
432 671 629 705 mansuetiores,
641 671 686 709 qui
706 681 801 709 magna
815 671 877 699 binc
887 672 992 700 lucran-

254 722 308 745 tur.
322 716 436 751 Quando
449 717 519 745 enim
529 717 596 745 male
611 717 734 745 facientes
745 728 796 745 non
809 717 877 746 male
888 718 992 757 patiun-

251 770 304 796 tur,
313 764 437 803 patientis
450 764 678 793 mansuetudinem
688 764 858 800 admirantes,
869 776 990 805 magnam
1001 792 1037 810 3⁰0

1009 821 1027 842 Λ
1047 811 1156 837 ποῧνται
1171 810 1321 849 φιλοσοφίας
1335 810 1513 839 διδασκαλίαν.
1527 811 1610 844 Αὐτὸς
1623 812 1649 841 δὲ
1661 811 1718 841 οὐδὲ
1731 811 1810 852 μέχρι

251 809 312 837 inde
333 810 469 838 lucrantur
486 809 661 850 philosophiae
675 810 832 840 doctrinam.
848 812 908 851 Ipse
927 823 990 842 vero

251 865 302 883 non
316 855 361 884 hie
377 855 489 894 gradum
512 856 591 891 sistit,
610 856 654 884 sed
668 863 692 885 et
716 857 768 886 alia
788 859 844 897 ejus
863 859 989 898 praeclara

250 907 322 938 gesta
334 901 473 940 subjungit
491 901 582 930 dicens
598 915 605 930 .-
623 903 756 942 Benigna
773 910 823 932 est.
837 904 908 940 Quia
919 905 988 933 enim

251 946 362 984 quidam
377 954 449 983 sunt,
463 948 509 986 qui
524 948 650 987 patientia
666 959 717 977 non
729 949 762 977 ad
777 950 913 989 propriam
925 951 987 990 phi-

249 992 398 1033 losophiam
413 994 590 1030 utuntur‚sed
609 995 642 1023 ad
660 995 788 1024 ultionem
809 1007 915 1031 eorum,
941 997 988 1036 qui

248 1039 318 1078 ipsos
329 1040 477 1075 irritavere,
494 1041 593 1080 seipsos
616 1041 818 1081 disrumpentes,
837 1042 903 1071 dicit
913 1042 987 1072 illam

247 1084 299 1113 hoc
311 1085 378 1114 vitio
393 1096 444 1114 non
456 1086 586 1115 laborare.
599 1087 635 1115 Et
657 1087 716 1116 ideo
739 1088 888 1127 subjungit,
900 1089 986 1117 Beni-

248 1142 309 1170 gna
331 1139 380 1160 est.
396 1132 487 1170 Neque
505 1134 574 1161 enim
591 1133 624 1161 ad
646 1134 838 1162 accendendam
851 1135 986 1164 flammam

251 1187 343 1206 eorum
360 1178 405 1216 qui
424 1178 463 1206 ira
478 1179 665 1216 incenduntur,
687 1190 747 1208 cum
768 1181 823 1209 illis
844 1182 986 1221 benignius

247 1231 345 1262 agunt,
357 1223 403 1252 sed
418 1224 451 1252 ad
462 1224 605 1253 sedandam
617 1232 641 1254 et
655 1226 888 1265 exstinguendam5
903 1239 987 1267 neque

248 1276 352 1298 tantum
375 1281 498 1309 generose
523 1271 702 1308 serend0‚sed
723 1273 803 1301 etiam
822 1274 938 1303 curando
960 1283 986 1304 et

245 1315 377 1344 hortando
393 1316 474 1344 ulceri
494 1319 632 1346 medentur
652 1325 676 1346 et
694 1319 793 1347 vulnus
814 1319 858 1348 irae
881 1328 983 1351 curant.

247 1363 314 1390 Non
328 1363 490 1392 [emulatur.
506 1364 594 1392 Potest
616 1364 687 1392 enim
701 1364 797 1403 aliquis
809 1366 911 1404 patiens
929 1378 984 1396 esse

245 1415 270 1436 et
284 1408 402 1445 invidus,
414 1415 438 1436 et
448 1408 498 1437 hoc
510 1409 576 1438 vitio
595 1410 697 1438 bonum
707 1421 773 1450 opus
784 1411 852 1440 illud
861 1422 983 1442 corrum-

244 1454 325 1493 pitur.
337 1454 389 1483 Sed
403 1455 459 1494 ipsa
471 1455 522 1484 hoc
532 1466 638 1494 quoque
651 1457 753 1496 effugit.
766 1458 834 1486 Non
849 1462 910 1498 agit
918 1471 982 1498 per-

240 1511 354 1539 peram.
366 1501 397 1529 ld
408 1508 457 1538 est,
476 1512 527 1529 non
541 1512 660 1542 praeceps
674 1510 715 1532 est
730 1515 736 1530 :
753 1515 813 1532 nam
825 1506 981 1543 prudentem

242 1546 330 1575 reddit
344 1558 404 1575 eum
419 1547 464 1585 qui
485 1547 575 1586 diligit
588 1555 613 1576 et
635 1559 743 1588 gravem
763 1558 788 1579 et
809 1551 926 1582 firmum.
944 1554 981 1582 Iis

244 1593 314 1621 enim
330 1593 374 1631 qui
387 1593 501 1632 turpiter
510 1601 599 1622 amant
609 1594 659 1623 hoc
669 1595 808 1635 proprium
818 1597 914 1626 vitium
925 1606 980 1628 est:

245 1639 291 1677 qui
310 1650 374 1667 vero
387 1639 456 1668 hanc
475 1640 549 1668 novit
564 1639 742 1676 dilectionem,
753 1643 787 1671 ab
801 1642 843 1671 his
857 1645 981 1675 omnibus

242 1684 360 1713 maxime
372 1685 440 1713 liber
458 1693 505 1714 est.
521 1687 589 1714 Nam
605 1696 665 1714 cum
679 1687 750 1716 intus
766 1688 805 1717 ira
825 1700 876 1718 non
887 1691 977 1726 fuerit,

242 1731 388 1769 petulantia
410 1731 496 1759 omnis
517 1738 542 1759 et
564 1732 722 1761 contumelia
737 1734 843 1764 sublata
856 1743 902 1765 est.
928 1737 979 1766 Et-

243 1776 313 1805 enim
324 1783 353 1804 ut
365 1776 475 1815 quidam
489 1777 606 1816 optimus
622 1778 738 1817 agricola
752 1780 823 1810 intus
837 1783 932 1812 animae
944 1784 981 1813 in-

243 1822 331 1850 sidens
343 1822 438 1851 caritas
447 1829 469 1851 et
482 1823 598 1860 dilectio,
612 1834 664 1852 non
675 1825 739 1854 sinit
750 1826 817 1856 ullas
824 1828 979 1867 hujusmodi

242 1868 333 1907 spinas
343 1868 499 1907 germinare.
510 1871 578 1898 Non
587 1870 716 1911 inflatur.
723 1871 829 1901 Etenim
838 1875 936 1904 multos
943 1877 981 1905 vi—

241 1914 335 1943 demus
348 1914 381 1942 de
391 1914 430 1943 his
444 1915 580 1954 praeclaris
595 1917 719 1955 operibus
731 1919 815 1948 altum
831 1921 978 1960 sapientes;

243 1970 338 2000 nempe
348 1960 419 1999 quod
436 1971 486 1989 non
497 1962 550 1990 sint
565 1962 651 1991 invidi
663 1973 747 2002 neque
759 1966 821 1994 mali
837 1977 919 2006 neque
928 1980 979 2008 pu-

241 2006 296 2035 silli
310 2007 392 2035 animi
416 2018 498 2045 neque
517 2009 672 2048 petulantes.
694 2011 787 2050 Neque
804 2013 875 2042 enim
892 2015 979 2044 solum

241 2064 303 2082 cum
322 2053 427 2082 divitiis
443 2060 469 2082 et
491 2062 648 2094 paupertate
668 2056 725 2086 haec
746 2058 815 2088 mala
836 2059 977 2100 habentur,

241 2098 287 2128 sed
300 2099 380 2128 etiam
394 2110 454 2128 cum
468 2100 521 2128 illis
536 2112 597 2139 quae
607 2109 700 2131 natura
712 2112 772 2133 sunt
785 2105 864 2135 bona.
875 2108 928 2137 Sed
939 2120 980 2138 ca·

243 2145 308 2173 ritas
330 2152 452 2174 accurate
473 2146 561 2175 omnia
576 2156 715 2187 expurgat.
740 2151 866 2181 Animum
891 2161 981 2184 autem

242 2191 341 2220 adhibe
352 2204 357 2219 :
370 2191 415 2230 qui
429 2192 533 2230 patiens
543 2199 591 2229 est,
610 2204 662 2223 non
670 2202 707 2223 est
722 2197 829 2226 omnino
837 2198 978 2240 benignus:

243 2237 313 2275 quod
327 2237 349 2266 si
362 2237 494 2277 benig-nus
513 2249 565 2267 non
584 2239 630 2275 sit,
646 2240 703 2268 haec
724 2252 764 2269 res
782 2250 821 2272 est
835 2245 943 2283 vitium,
957 2254 982 2276 et

242 2283 392 2321 periculum
406 2291 443 2312 est
456 2294 488 2312 ne
502 2284 529 2312 in
542 2284 749 2315 recordationem
766 2288 924 2327 injuriarum
941 2293 980 2322 in-

241 2327 323 2357 cidat.
339 2328 402 2358 Ideo
425 2329 481 2369 ipsa
504 2329 679 2369 pharmacum
701 2332 777 2367 dans,
791 2334 980 2374 benignitatem

241 2373 312 2409 dico,
325 2385 419 2413 puram
432 2382 568 2404 conservat
577 2375 713 2405 virtutem.
725 2378 841 2408 Rursum
850 2381 981 2421 benignus

241 2430 311 2460 saepe
331 2421 416 2450 facilis
428 2428 475 2457 est,
485 2421 532 2450 sed
550 2429 575 2450 et
587 2422 638 2451 hoc
655 2423 698 2452 illa
725 2426 850 2465 corrigit:
862 2429 978 2460 Caritas

241 2466 323 2502 enim,
340 2466 436 2505 inquit,
458 2478 515 2495 non
526 2470 587 2507 agit
597 2480 757 2507 perperam,
773 2483 831 2500 non
844 2475 974 2511 inflatur.

241 2512 293 2545 Qui
317 2513 448 2551 benignus
469 2520 494 2541 et
509 2513 610 2553 patiens
625 2522 674 2551 est,
694 2527 762 2556 saepe
775 2529 900 2559 arrogans
913 2530 949 2550 est
969 2535 974 2549 ε

239 2557 284 2586 sed
301 2564 325 2586 et
340 2558 408 2586 hanc
426 2558 494 2586 tollit
509 2559 660 2597 nequitiam.

649 197 784 220 Jonxms
813 198 990 221 CHRYSOST.
1022 200 1174 221 Ancttttw.

1205 199 1468 222 CONSTAN'HNOP.

1050 272 1092 287 ται
1102 282 1108 294 ,
1125 259 1214 293 ἐπειδὴ
1227 260 1330 297 μακράν
1344 271 1401 288 τινα
1414 260 1458 288 καὶ
1471 260 1586 299 μεγάλην
1601 261 1655 300 ἔχει
1665 262 1752 301 ψυχήν
1765 275 1770 280 ·
1783 263 1812 292 τὸ

1013 306 1029 328 Ε
1049 305 1098 343 γὰρ
1114 305 1223 343 μακρὸν,
1238 305 1283 333 καὶ
1300 305 1368 343 μέγα
1381 305 1495 344 λέγεται.
1512 306 1588 335 Ἀλλὰ
1605 310 1680 335 τοῦτο
1692 309 1721 337 τὸ
1734 309 1813 338 καλὸν

1050 350 1101 378 ἀπὸ
1113 352 1159 384 τῆς
1172 350 1275 388 ἀγάπης
1286 350 1376 389 φύε-,αι
1387 374 1395 387 ,
1407 352 1451 379 καὶ
1465 356 1518 384 τοῖς
1527 353 1695 390 κεκτημένοις
1707 354 1751 382 καὶ
1761 359 1814 387 τοῖς

1050 395 1209 424 ἀπολαύουσι
1233 396 1332 431 πολλὴν
1351 397 1467 437 παρέχον
1483 398 1529 433 τὴν
1551 399 1688 437 ὠφέλειαν.
1704 401 1748 435 Μὴ
1763 400 1814 440 γάρ

1049 453 1093 478 μοι
1116 440 1174 473 τοὺς
1195 442 1408 480 ἀπεγνωσμένους
1422 443 1513 481 εἴπῃς,
1528 443 1552 472 οἳ
1574 447 1706 478 ποιοῦντες
1726 447 1813 478 κακῶς

1048 487 1092 515 καὶ
1105 487 1140 525 μὴ
1156 488 1302 527 παίω-[οντες
1316 491 1418 523 κακῶς,
1432 490 1534 528 χείρους
1548 490 1670 528 γίνονται.
1682 491 1811 520 Ἐνταῦθα

1047 532 1096 571 γὰρ
1107 534 1135 562 οὗ
1146 533 1218 572 παρὰ
1229 533 1276 568 τὴν
1287 535 1468 575 μακροθυμίαν
1478 535 1579 571 τούτου,
1592 536 1659 565 ἀλλὰ
1670 538 1734 576 παρ’
1748 538 1789 566 ἕκε
1795 537 1815 565 ί-

1046 591 1104 612 νους
1118 578 1175 611 τοὺς
1187 581 1232 608 οὐκ
1249 581 1284 613 εἷς
1300 580 1354 609 δέον
1370 582 1434 620 αὐτῇ
1446 581 1594 620 χρωμένους
1610 586 1684 612 τοῦτο
1698 582 1812 620 eufimi-

1047 637 1092 653 νει.
1105 625 1151 660 Μὴ
1167 625 1249 654 τοίνυν
1263 638 1306 663 μοι
1320 627 1423 659 τούτους
1437 627 1511 665 εἴπῃς
1521 650 1528 662 ,
1544 628 1611 657 ἀλλὰ
1625 628 1683 660 τοὺς
1697 630 1812 657 ἐπιεικε-

1046 670 1166 709 στέρους,
1181 670 1206 699 οἳ
1220 671 1321 709 μεγάλα
1334 673 1448 700 ἐντεῦθεν
1463 673 1648 712 κερδαίνουσιν.
1661 673 1748 703 Ὅταν
1759 674 1810 714 γὰρ

1045 718 1132 749 κακῶς
1145 717 1300 752 ποιήσαντες
1317 717 1354 755 μὴ
1369 718 1473 747 πάθωσι
1491 721 1594 753 κακῶς,
1608 719 1655 755 τὴν
1670 719 1809 759 πραΰτητα

1047 766 1091 791 τοῦ
1103 763 1228 795 παθόντος
1252 764 1448 801 θαυμάσαντες,
1465 765 1590 803 μεγίστην
1611 767 1725 794 ἐντεῦθεν
1745 778 1810 806 καρ-

1045 854 1135 883 τούτου
1149 854 1268 891 ἵσταται,
1283 856 1350 884 ἀλλὰ
1371 856 1415 884 καὶ
1430 856 1462 884 τὰ
1477 857 1545 885 ἄλλα
1562 858 1643 893 αὐτῆς
1655 857 1747 896 ἐπάγει
1758 869 1809 886 κα-

1045 900 1201 939 τορθώματα
1211 924 1218 936 ,
1233 901 1331 939 λέγων·
1347 902 1533 940 Χρηστεύεται.
1548 903 1659 939 Ἐπειδὴ
1673 903 1724 943 γάρ
1741 903 1809 936 τινές

1045 948 1119 982 εἰσιν,
1132 947 1157 974 οἳ
1170 948 1203 984 τῇ
1216 948 1382 987 μακροθυμίᾳ
1395 948 1441 976 οὐκ
1451 950 1487 980 εἷς
1500 949 1547 984 τὴν
1559 949 1655 978 οἰκείαν
1666 949 1809 990 κέχρηνται

1044 993 1207 1031 φιλοσοφίαν,
1222 994 1280 1021 ἀλλ’
1298 995 1334 1025 εἷς
1354 994 1401 1028 τὴν
1417 994 1517 1032 ἄμυναν
1532 998 1583 1024 τῶν
1598 995 1806 1033 παροξυνάντων,

1042 1038 1240 1078 διαῤῥηγνύντες
1254 1038 1377 1075 ἑαυτοὺς,
1393 1040 1470 1078 φησιν
1486 1041 1525 1069 ὅτι
1543 1041 1598 1070 οὐδὲ
1620 1044 1696 1070 τοῦτο
1708 1041 1762 1081 ἔχει
1776 1042 1807 1071 τὸ

1041 1084 1190 1122 ἐλάττωμα.
1207 1085 1255 1116 Διὸ
1274 1084 1318 1112 καὶ
1343 1085 1474 1125 ἐπήγαγε,
1488 1086 1676 1126 Χρηστεύεται.
1693 1088 1733 1116 Οὖ
1753 1087 1804 1127 γ’)ιρ

1041 1131 1084 1160 ἐπὶ
1099 1133 1137 1170 τῷ
1151 1130 1198 1166 τὴν
1215 1131 1298 1170 φλόγα
1310 1132 1408 1170 ἀνάψαι
1421 1135 1473 1161 τῶν
1489 1133 1538 1162 ὑπὸ
1553 1136 1600 1168 τῆς
1612 1135 1690 1173 ὀργῆς
1699 1136 1804 1163 ἐκκαιο-

1041 1178 1124 1214 μένων
1139 1176 1298 1216 ἠθικώτερον
1311 1179 1397 1210 αὐτοῖς
1411 1178 1567 1217 κέχρηνται,
1579 1180 1637 1208 ἀλλ’
1651 1179 1694 1208 ἐπὶ
1707 1182 1745 1219 τῷ
1756 1192 1804 1208 κοι-

1040 1224 1187 1262 ταπραῧναι
1202 1223 1246 1251 καὶ
1261 1223 1424 1252 κατασίέσαι
1434 1235 1440 1241 ·
1456 1224 1500 1252 καὶ
1516 1225 1544 1253 οὗ
1570 1225 1646 1263 μόνον
1667 1227 1705 1265 τῷ
1718 1225 1804 1266 φέρειν

1039 1268 1177 1306 γενναίως,
1192 1268 1260 1297 ἀλλὰ
1274 1269 1318 1297 καὶ
1330 1271 1367 1308 τῷ
1380 1270 1533 1308 θεραπεύειν
1547 1271 1590 1299 καὶ
1602 1272 1764 1311 παρακαλεῖν
1774 1272 1805 1301 τὸ

1039 1314 1113 1347 ἕλκος
1127 1316 1218 1343 ἰῶνται
1230 1315 1276 1343 καὶ
1292 1315 1321 1343 τὸ
1335 1317 1440 1353 τραῦμα
1463 1316 1631 1355 θεραπεύουσι
1650 1321 1695 1346 τοῦ
1705 1319 1787 1356 θυμοῦ
1797 1329 1804 1336 ·

1038 1361 1078 1389 Οὔ
1093 1361 1175 1395 ζηλοῖ,
1189 1360 1270 1389 Ἔστι
1286 1360 1337 1399 γὰρ
1353 1361 1398 1388 καὶ
1421 1361 1588 1400 μακρόθυμόν
1603 1374 1662 1391 τινα
1675 1358 1741 1392 εἶναι
1758 1363 1804 1392 καὶ

1039 1405 1180 1444 βάσκανον,
1194 1406 1239 1434 καὶ
1252 1405 1335 1446 τούτῳ
1360 1408 1442 1435 ἐκεῖνο
1466 1407 1642 1446 διαφθείρεται
1655 1409 1686 1438 τὸ
1708 1409 1802 1448 κατόρ-

1037 1455 1120 1490 Οωμα.
1133 1452 1201 1481 Ἀλλ’
1217 1452 1283 1487 αὕτη
1299 1452 1344 1481 καὶ
1355 1456 1431 1481 τοῦτο
1450 1452 1577 1492 διέφυγεν.
1592 1455 1632 1483 Οὐ
1645 1454 1801 1494 περπερεύε-

1036 1511 1089 1528 ται.
1104 1499 1254 1535 Τουτέστιν,
1277 1501 1306 1528 οὗ
1330 1500 1521 1539 προπετεύεται
1530 1512 1536 1517 ·
1557 1500 1601 1528 καὶ
1625 1500 1676 1539 γὰρ
1696 1501 1802 1530 συνετὸν

1036 1545 1170 1584 ἐργάζεται
1186 1545 1228 1573 τὸν
1246 1547 1389 1584 ἀγαπῶντα
1413 1545 1458 1573 καὶ
1485 1545 1566 1584 βαρὺν
1591 1546 1636 1574 καὶ
1659 1547 1801 1585 βεὸηκότα.

1035 1592 1096 1619 Τῶν
1113 1590 1159 1628 μὲν
1170 1590 1220 1629 γὰρ
1237 1593 1352 1630 αἰσχρῶς
1374 1591 1514 1630 φιλούντων
1529 1591 1592 1620 ἴδιον
1615 1591 1645 1620 τὸ
1662 1591 1800 1630 ἐλάττωμα

1035 1641 1110 1665 τοῦτο
1118 1648 1124 1654 ’
1135 1639 1149 1665 ὁ
1161 1637 1187 1666 δὲ
1198 1636 1293 1672 ταύτην
1304 1636 1378 1669 εἰδὼς
1388 1637 1435 1672 τὴν
1449 1637 1565 1676 ἀγάπην,
1577 1637 1674 1666 τούτων
1685 1637 1800 1675 μάλιστα

1036 1683 1139 1712 πάντων
1164 1683 1341 1718 ἀπήλλακται.
1357 1683 1441 1712 υΟταν
1461 1683 1513 1723 γὰρ
1527 1683 1606 1720 θυμὸς
1625 1683 1695 1712 ἔνδον
1713 1683 1749 1722 μὴ
1763 1679 1800 1724 ἦ,

1036 1729 1081 1757 καὶ
1091 1729 1234 1768 προπέτεια
1246 1734 1319 1758 πᾶσα
1343 1729 1471 1770 ἀνῄρηται
1483 1729 1528 1758 καὶ
1537 1729 1619 1770 ῧὸρις.
1635 1729 1688 1758 Καὶ
1698 1729 1748 1769 γὰρ
1758 1742 1803 1759 κα-

1036 1775 1118 1814 θάπερ
1128 1787 1166 1808 τις
1179 1775 1283 1814 ἄριστος
1295 1776 1408 1815 γεωργὸς
1422 1775 1491 1803 ἔνδον
1504 1775 1670 1814 ἐγκαθημένη
1685 1778 1717 1815 τῇ
1728 1778 1800 1816 ψυχῇ

1035 1824 1052 1856 ἡ
1074 1821 1180 1860 ἀγάπη,
1195 1822 1241 1849 οὐκ
1260 1821 1365 1860 ἀφίησιν
1381 1820 1452 1850 οὐδὲν
1471 1821 1568 1850 τούτων
1585 1822 1733 1860 βλαστῆσαι
1748 1825 1800 1851 τῶν

1037 1869 1164 1896 ἀκανθῶν.
1180 1868 1220 1896 Οὖ
1232 1870 1377 1906 φυσιοῦται.
1392 1867 1443 1895 Καὶ
1456 1867 1507 1906 γὰρ
1520 1870 1621 1906 ὁρῶμεν
1635 1868 1746 1901 πολλοὺς
1757 1869 1800 1898 ἐπ’

1037 1915 1123 1947 αὐτοῖς
1144 1913 1242 1946 τούτοις
1262 1918 1315 1946 τοῖς
1335 1913 1521 1953 κατορθώμασι
1543 1914 1610 1952 μέγα
1631 1918 1799 1954 φρονοῦντας,

1036 1955 1087 1988 οἷον
1101 1959 1142 1988 ὅτι
1160 1959 1197 1997 μή
1210 1961 1264 1988 ἐστι
1280 1959 1410 1997 βάσκανος
1426 1959 1492 1997 μηδὲ
1509 1960 1620 1998 πονηρὸς
1635 1960 1701 1997 μηδὲ
1712 1960 1800 2000 ὂλιγό·

1036 2007 1118 2045 ψυχας
1131 2005 1198 2043 μηδὲ
1208 2005 1348 2044 προπετῆς.
1357 2005 1426 2034 Οὐδὲ
1439 2005 1490 2046 γὰρ
1499 2006 1602 2046 πλούτῳ
1613 2006 1658 2035 καὶ
1665 2006 1742 2046 πενίᾳ
1749 2019 1798 2035 πα-

1038 2052 1182 2092 ρυφέστηκε
1192 2051 1225 2080 τὰ
1236 2051 1305 2080 κακὰ
1315 2054 1397 2080 ταῦτα
1409 2052 1497 2089 μόνον,
1508 2052 1575 2081 ἀλλὰ
1585 2052 1630 2081 καὶ
1647 2053 1733 2085 αὐτοῖς
1745 2057 1800 2086 τοῖς

1036 2098 1112 2137 φύσει
1123 2099 1220 2130 καλοῖς.
1232 2097 1300 2127 Ἀλλ’
1317 2100 1331 2132 ἢ
1346 2098 1434 2136 ἀγάπη
1447 2098 1513 2136 μετὰ
1526 2098 1661 2137 ἀκριὸείας
1675 2098 1799 2128 ἐκκαθαί-

1039 2157 1076 2184 ρει
1090 2145 1187 2172 πάντα.
1206 2144 1305 2173 Σκόπει
1323 2145 1350 2173 δέ
1360 2156 1366 2161 ·
1387 2147 1400 2173 ὁ
1416 2144 1581 2183 μακρόθυμος
1594 2146 1622 2173 οὗ
1637 2144 1742 2177 πάντως
1755 2145 1800 2174 καὶ

1036 2190 1164 2229 χρηστός·
1178 2190 1208 2218 ἂν
1224 2191 1250 2220 δὲ
1273 2190 1309 2228 μὴ
1322 2186 1339 2229 ἦ
1350 2190 1481 2229 χρηστὸς,
1501 2190 1615 2229 πονηρία
1638 2190 1668 2219 τὸ
1688 2195 1800 2229 πρᾶγμα

1037 2238 1149 2275 γίνεται,
1161 2236 1206 2265 καὶ
1214 2236 1355 2265 κινδυνεύει
1366 2238 1401 2269 εἷς
1414 2236 1588 2274 μνησικακίαν
1599 2237 1733 2274 ἐμπεσεῖν.
1748 2235 1800 2265 Διὰ

1001 2296 1018 2318 ῃ
1035 2286 1112 2312 τοῦτο
1125 2282 1191 2317 αὕτη
1206 2283 1236 2312 τὸ
1252 2283 1387 2322 φάρμακον
1402 2283 1480 2312 δοῦσα
1490 2305 1498 2318 ,
1514 2282 1561 2318 τὴν
1575 2282 1744 2321 χρηστότητα
1755 2282 1800 2311 λε’-

1034 2341 1086 2368 γω,
1102 2328 1219 2367 καθαρὰν
1240 2330 1358 2369 διατηρεῖ
1369 2329 1417 2364 τὴν
1439 2328 1543 2368 ἀρετήν.
1558 2328 1645 2356 Πάλιν
1659 2330 1673 2356 ὃ
1686 2328 1800 2367 χρηστὸς

1033 2377 1160 2409 πολλάκις
1171 2377 1273 2410 εὔκολος
1283 2378 1396 2416 γίνεται,
1410 2376 1477 2406 ἀλλὰ
1498 2376 1542 2405 καὶ
1555 2379 1632 2404 τοῦτο
1645 2375 1712 2410 αὕτη
1730 2377 1798 2411 διορ-

1033 2426 1136 2452 θοῦται·
1148 2423 1183 2452 ‘H
1198 2423 1288 2462 ἀγάπη
1309 2423 1374 2461 γὰρ,
1391 2422 1480 2462 φησὶν,
1504 2423 1532 2450 οὗ
1551 2421 1755 2461 περπερεύεται,
1769 2424 1798 2452 οὗ

1030 2475 1177 2511 φυσιοῦται.
1190 2472 1223 2500 Ὀ
1238 2472 1352 2512 χρηστὸς
1372 2471 1416 2500 καὶ
1432 2470 1597 2510 μακρόθυμος
1615 2471 1797 2504 ἀλαζονεύεται

1030 2521 1156 2554 πολλάκις
1169 2534 1173 2539 ·
1188 2521 1254 2550 ἀλλὰ
1269 2521 1313 2550 καὶ
1326 2520 1422 2555 ταύτην
1439 2521 1538 2559 ἀναιρεῖ
1551 2520 1599 2555 τὴν
1612 2519 1714 2549 κακίαν.
