1891 2866
232 195 301 236 404
569 202 597 224 S.

229 275 278 305 pro
298 263 374 302 aquis
394 263 506 292 serentes
526 262 641 291 multam
662 262 744 291 animi
764 262 968 301 aegritudinem:

993 292 1002 308 '⁴

627 201 764 224 ›uANMS
789 201 969 224 CHRYSOST.
1000 200 1152 222 ARCfflEP.
1181 197 1446 220 CONSTANTINOP.

1024 265 1122 300 τρυφᾷν
1134 263 1179 288 τοῦ
1191 259 1305 297 συνεχῶς
1319 260 1365 292 τῆς
1376 257 1473 295 πόρνης
1487 256 1671 290 ἀπολαύοντος.
1690 257 1722 285 Εἰ
1737 256 1787 294 γὰρ

228 310 299 349 quod
319 309 399 338 etiam
414 309 479 338 solet
493 308 611 338 accidere
634 309 667 337 iis
689 309 734 346 qui
750 308 863 337 alienam
882 314 973 336 amant
988 317 1005 339 A
1023 307 1067 335 καὶ
1083 304 1265 343 δυσκολωτέρα
1279 305 1295 338 ἡ
1317 302 1462 339 ἀπόδειξις,
1477 303 1534 332 ἀλλ’
1554 303 1625 340 ὅμως
1643 302 1688 331 καὶ
1708 302 1789 334 οὕτως

229 355 469 396 pulchritudinem.
481 356 622 395 Propterea
633 355 679 393 qui
692 355 766 383 nullo
777 354 855 383 modo
869 360 969 387 amant,

230 403 258 431 in
273 402 368 441 majori
381 408 443 431 sunt
451 401 588 440 voluptate
598 411 679 439 quam
696 399 851 439 hujusmodi
867 405 972 427 amato—

232 460 280 477 res.
292 447 346 477 Sed
360 447 395 476 ad
409 447 459 476 hoc
475 446 583 485 quidem
600 457 676 474 nemo
700 444 892 474 contradixerit
904 456 910 471 :
924 454 973 482 ego

231 503 320 524 autem
339 505 400 523 eum
413 494 491 522 etiam
507 493 553 531 qui
571 499 642 521 amat
656 491 775 530 quidem.
788 490 908 529 reprimit
923 500 972 518 au-

232 549 284 570 tem
303 540 446 570 libidinem
457 563 463 573 ,
476 539 570 578 majori
593 538 710 566 dixerim
732 536 804 564 affici
818 536 957 574 voluptate
966 558 974 571 ,

231 598 311 625 quam
334 597 394 615 cum
419 586 464 624 qui
489 584 594 613 assidue
617 583 716 611 fruitur
740 581 887 610 meretrice.
905 582 973 610 Nam

231 633 333 662 etiamsi
344 633 400 671 ejus
413 630 601 660 demonstratio
613 629 646 657 sit
656 627 914 663 diflicilior,necesse
931 634 972 655 ta-

234 690 293 707 men
313 686 351 707 est
365 679 416 706 hoc
437 676 564 705 audacter
583 674 752 714 probandum
770 672 911 712 suscipere.
927 673 975 702 Est

231 726 301 753 enim
310 724 459 759 diffieilior,
472 733 522 750 non
533 732 566 749 ex
581 721 619 750 rei
633 728 735 756 natura,
747 719 793 748 sed
807 730 842 748 ex
851 730 892 755 eo,
900 720 974 758 quod

232 771 367 800 auditores
381 771 431 798 hac
444 768 619 808 philosophia
632 778 686 796 non
700 767 753 795 sint
767 766 852 805 digni.

271 817 300 843 5.
314 814 386 849 Quid
396 821 433 842 est
442 814 523 849 enim,
533 812 578 840 dic
589 821 689 850 quaeso,
701 809 971 849 amanfijueundius,

232 861 266 889 ab
285 860 370 888 amica
383 858 496 897 despici,
508 869 541 886 an
552 857 679 885 honorari
692 863 718 884 et
729 857 805 885 illam
818 855 972 895 despicere?

233 907 324 935 Palam
338 913 375 934 est
386 906 436 933 hoc
449 915 504 933 esse
515 902 671 943 jucundius.
682 903 769 938 Quem
783 913 857 941 ergo,
871 913 971 941 quaeso,

232 953 317 992 magis
327 952 471 981 honorabit
492 951 630 988 meretrix,
642 960 738 979 eumne
752 950 799 988 qui
813 950 865 989 ipsi
878 950 971 985 servit,

231 1008 256 1029 et
271 1000 355 1028 sactus
369 1006 407 1027 est
421 999 477 1037 ejus
488 996 665 1036 mancipium,
677 1007 711 1025 an
726 1007 787 1025 eum
801 996 847 1035 qui
862 997 919 1035 ejus
930 1007 975 1025 su-

233 1045 418 1083 peravitretia,
430 1051 455 1073 et
466 1044 573 1072 structis
583 1044 618 1072 ab
627 1054 656 1071 ea
669 1043 778 1071 calamis
791 1043 863 1071 volat
874 1043 974 1071 altius?

234 1090 282 1119 Est
298 1091 383 1119 cuivis
405 1089 577 1129 perspicuum
595 1088 667 1127 quod
685 1088 812 1117 hunc.In
830 1099 976 1127 quemnam

232 1143 322 1165 autem
337 1147 417 1164 suum
427 1135 513 1174 magis
525 1135 640 1163 conferet
649 1134 780 1170 studium,
789 1134 816 1162 in
824 1145 918 1163 eumne
929 1134 976 1172 qui

232 1183 340 1220 cecidit,
354 1193 387 1211 an
398 1182 424 1211 in
439 1193 500 1210 eum
509 1182 556 1220 qui
569 1181 708 1210 nondum?
720 1182 749 1209 ln
766 1192 827 1209 eum
840 1181 918 1220 plane
931 1180 975 1219 qui

234 1228 362 1258 nondum.
376 1228 444 1263 Quis
458 1228 507 1257 erit
526 1234 614 1256 autem
634 1226 848 1263 desiderabilior,
861 1227 917 1255 isne
930 1227 976 1265 qui

233 1281 271 1303 est
287 1275 429 1309 confectus,
441 1284 474 1302 an
487 1274 509 1301 is
523 1273 569 1311 qui
582 1272 702 1301 nondum
714 1279 753 1301 est
767 1273 881 1311 eaptus?
893 1273 918 1301 Is
930 1273 975 1311 qui

234 1321 355 1349 nondum
367 1327 404 1349 est
418 1327 519 1359 captus.
533 1319 561 1347 δί
572 1326 661 1347 autem
674 1329 726 1347 non
741 1318 858 1354 creditis,
868 1330 883 1347 a
898 1319 977 1348 rebus

235 1367 331 1395 vestris
345 1367 455 1395 afferam
467 1365 728 1394 demonstrationem.
740 1365 892 1399 Quamnam
906 1365 978 1394 enim

236 1414 374 1442 mulierem
387 1413 472 1451 magis
485 1412 581 1440 amarit
595 1412 742 1451 quispiam,
759 1422 851 1440 eamne
864 1422 922 1449 quae
936 1412 978 1440 fa-

239 1461 289 1489 cile
302 1460 453 1489 succumbit
464 1466 490 1488 et
505 1459 555 1498 ipsi
569 1469 595 1487 se
609 1458 698 1495 dedit,
711 1469 745 1487 an
759 1469 817 1486 eam
829 1469 887 1497 quae
902 1465 979 1497 negat

236 1513 261 1535 et
286 1506 423 1545 negotium
446 1504 571 1533 facessit?
591 1504 666 1532 Hanc
686 1505 781 1542 procul
804 1504 887 1532 dubio
898 1516 904 1531 τ
915 1505 980 1533 hinc

235 1552 306 1580 enim
333 1552 488 1581 accenditur
513 1551 599 1590 majus
619 1550 794 1579 desiderium.
812 1550 885 1589 Ergo
908 1550 978 1579 idem

235 1609 341 1636 quoque
356 1598 405 1627 erit
417 1598 444 1626 in
457 1597 617 1633 muliere;et
628 1607 689 1625 eum
704 1596 790 1635 magis
804 1596 850 1624 illa
864 1597 978 1625 honora-

234 1645 276 1673 bit
291 1652 317 1673 et
342 1644 521 1673 admirabitur
541 1643 587 1682 qui
603 1654 630 1671 se
643 1643 766 1682 despicit.
781 1643 811 1671 Si
832 1654 872 1672 res
891 1650 980 1672 autem

236 1691 274 1720 ita
296 1702 323 1720 se
340 1691 448 1728 habeat,
465 1690 536 1718 illud
553 1700 658 1728 quoque
673 1689 760 1729 palam
780 1689 830 1718 erit
844 1690 871 1718 in
886 1690 981 1729 majori

237 1748 293 1766 esse
304 1737 440 1776 voluptate
455 1747 516 1765 eum
529 1736 577 1774 qui
591 1735 675 1774 magis
687 1735 834 1764 honoratur
844 1743 869 1764 et
881 1735 980 1774 diligi-

238 1790 292 1812 tur.
306 1784 376 1811 Nam
390 1790 415 1811 et
432 1782 491 1811 dux
507 1782 640 1810 exercitus
654 1782 750 1810 urbem
771 1781 879 1820 quidem
899 1782 980 1811 semel

239 1837 342 1870 captam
355 1830 467 1859 dimittit
472 1842 480 1867 5
492 1830 516 1858 ei
528 1837 618 1858 autem
627 1840 687 1868 quae
699 1829 798 1858 resistit
809 1836 834 1858 et
844 1830 983 1859 contendit

242 1877 316 1906 omni
326 1877 414 1905 studio
429 1876 540 1906 assidet:
550 1884 575 1905 et
588 1883 698 1905 venator
707 1876 789 1904 feram
804 1876 925 1905 venando
938 1887 983 1905 ca-

239 1931 314 1963 ptam
328 1923 408 1952 habet
423 1924 449 1952 in
462 1923 578 1952 tenebris
592 1922 725 1951 inclusam
734 1945 742 1959 ,
758 1922 984 1960 quemadmodum

240 1969 367 1998 meretrix
382 1976 539 2006 amatorem,
554 1979 613 1997 eam
627 1976 716 1997 autem
729 1979 789 2007 quae
804 1969 883 2008 fugit,
894 1980 984 2009 perse-

241 2017 343 2055 quitur.
360 2019 394 2045 At
410 2017 466 2051 ille,
480 2017 598 2055 inquies,
614 2016 715 2045 fruitur
727 2016 859 2045 desiderio
864 2028 872 2054 3
883 2017 927 2046 bic
937 2029 984 2046 au-

242 2072 295 2093 tem
307 2075 360 2093 non
374 2064 482 2092 fruitur.
498 2067 540 2092 An
557 2064 657 2103 probro
672 2074 703 2092 ac
714 2063 842 2092 dedecore
857 2074 909 2092 non
924 2065 984 2093 affi-

242 2112 278 2150 ci,
290 2122 376 2150 neque
392 2112 450 2151 ejus
464 2112 611 2151 tyrannicis
632 2112 732 2140 servire
746 2111 880 2151 imperiis,
892 2123 939 2141 nec
950 2112 985 2141 ab

243 2170 273 2188 ea
282 2159 346 2188 duci
359 2166 385 2188 et
394 2159 539 2197 circumagi
554 2166 688 2197 tamquam
700 2159 875 2199 mancipium,
887 2161 984 2200 pugnis

243 2212 394 2243 contusum,
410 2211 580 2244 consputum,
595 2205 622 2233 in
646 2205 731 2244 eapite
753 2206 907 2245 pulsatum,
923 2217 985 2245 par—

243 2263 320 2289 vam,
335 2251 381 2280 dic
403 2261 502 2289 quaeso,
516 2250 653 2279 existimas
676 2261 731 2279 esse
755 2251 942 2291 voluptatem?
955 2252 985 2282 Si

243 2297 304 2336 quis
319 2297 391 2325 enim
412 2296 469 2325 haec
494 2302 615 2324 accurate
636 2297 796 2333 excusserit,
813 2303 838 2325 et
861 2298 985 2337 colligere

244 2343 359 2383 potuerit
370 2342 458 2372 omnia
468 2353 561 2371 eorum
573 2342 685 2381 probra,
696 2342 867 2371 contumelias
876 2366 883 2380 ‚
895 2344 984 2373 erimi-

245 2391 373 2428 nationes,
388 2391 493 2428 irasque
506 2395 648 2429 perpetuas
661 2399 694 2417 ex
709 2389 799 2417 animo
814 2389 857 2418 vel
871 2401 903 2419 ex
917 2390 980 2419 deli-

245 2437 294 2466 ciis
312 2443 392 2473 ortas,
406 2435 577 2473 inimicitias,
591 2442 616 2464 et
634 2434 685 2463 alia
699 2434 788 2464 omnia
803 2435 867 2466 solis
881 2436 983 2475 patien-

279 2552 288 2562 ³
308 2543 349 2577 [A.
362 2548 387 2569 Ti
399 2542 490 2577 τοίνυν]

281 2586 292 2601 1¹
312 2582 356 2615 [Α.
371 2587 406 2608 καὶ
420 2581 566 2615 sphingam]

1024 354 1164 389 ἀναγκαῖον
1178 350 1380 388 κατατολμῆσαι
1395 352 1439 377 τοῦ
1454 349 1540 387 λόγου.
1556 348 1608 377 Καὶ
1628 347 1678 387 γὰρ
1698 348 1790 375 δυσκο-

1022 397 1123 435 λωτέρα
1135 396 1249 435 γίνεται,
1263 396 1291 425 οὖ
1304 395 1378 435 παρὰ
1397 395 1445 430 τὴν
1466 394 1542 434 φύσιν
1561 398 1606 423 τοῦ
1620 394 1774 433 πράγματος
1783 416 1789 428 ,

1024 443 1092 472 ἀλλὰ
1106 442 1179 482 παρὰ
1194 443 1223 471 τὸ
1237 442 1273 481 μὴ
1289 436 1355 470 εἶναι
1365 443 1411 476 τ’ἠς
1423 440 1574 480 φιλοσοφίας
1588 440 1685 475 ταύτης
1697 441 1791 478 ἀκροα-

1024 489 1070 522 τὰς
1085 488 1178 522 ἀξίους.

1063 818 1074 830 ³
1084 813 1119 842 Τί
1129 813 1179 852 γὰρ
1189 813 1271 849 ἥδιον,
1281 811 1338 841 εἶπέ
1349 823 1404 850 μοι,
1413 813 1450 851 τῷ
1462 812 1565 851 ἐρῶντι,
1577 811 1608 840 τὸ
1619 815 1794 850 καταφρονεῖ-

1023 862 1083 889 σθαι
1104 859 1155 888 ὑπὸ
1164 862 1211 894 τῆς
1222 858 1368 899 ἐρωμένης,
1379 857 1396 893 ἢ
1407 858 1437 886 τὸ
1446 860 1573 896 τιμᾶσθαι
1586 857 1631 885 καὶ
1647 859 1776 898 ὓπερορᾷν
1787 869 1796 892 ;

1024 907 1141 941 Εὔδηλον
1156 906 1196 934 ὅτι
1206 909 1290 934 τοῦτο.
1303 905 1371 934 Τίνα
1387 900 1440 939 οἶν,
1452 904 1509 933 εἰπέ
1522 916 1582 942 μοι,
1593 903 1705 943 ,τιμήσει
1715 903 1795 932 πλέον

1023 955 1040 987 ἡ
1052 952 1136 991 πόρνη
1144 975 1152 988 ,
1163 952 1208 981 τὸν
1217 951 1372 980 δουλεύοντα
1388 952 1453 990 αὐτῇ
1464 951 1509 979 καὶ
1518 951 1687 990 αἰχμάλωτον
1697 951 1743 979 ὕπ’
1751 951 1797 979 αὖ·

1024 1001 1071 1034 τῆς
1097 999 1148 1034 ἤδη
1171 998 1318 1037 γενόμενον,
1333 996 1350 1032 ἢ
1365 996 1410 1025 τὸν
1431 996 1560 1035 ἀνώτερον
1573 999 1625 1025 τῶν
1640 995 1740 1031 ἐκείνης
1754 996 1797 1025 δι-

1024 1045 1119 1080 κτύων,
1131 1044 1193 1073 ὴκαὶ
1205 1044 1363 1083 ὑψηλότερον
1378 1045 1429 1071 τῶν
1445 1043 1574 1080 καλάμων
1588 1043 1669 1077 αὐτ-’ἧς
1682 1042 1796 1080 πετόμε-

1025 1103 1067 1120 νον
1078 1103 1085 1126 ;
1100 1091 1185 1119 namt
1197 1102 1247 1119 που
1261 1091 1349 1124 δῆλον,
1365 1089 1404 1118 ὅτι
1418 1092 1517 1117 τοῦτον.
1530 1088 1598 1128 Περὶ
1607 1088 1667 1116 τίνα
1680 1087 1706 1116 δὲ
1718 1099 1798 1116 σπου-

1026 1137 1101 1166 δάσει
1114 1137 1206 1172 πλέον,
1217 1136 1261 1164 τὸν
1275 1135 1435 1164 πεπτωκότα
1445 1158 1452 1169 ,
1467 1135 1485 1170 ἢ
1498 1135 1542 1164 τὸν
1559 1134 1675 1169 οὖδέπως
1686 1134 1740 1163 Τὸν
1750 1134 1797 1162 οὗ·

1027 1183 1099 1212 δέπω
1113 1182 1225 1215 πάντως.
1237 1183 1262 1211 Τ
1265 1182 1286 1214 ίς
1301 1182 1327 1210 Γ’Ἳῑ
1340 1181 1414 1210 ἔσται
1428 1181 1618 1220 ποθεινότερος,
1631 1183 1645 1209 ὃ
1658 1191 1800 1218 κατειργα-

1027 1230 1121 1267 σμένος
1133 1252 1140 1264 ,
1155 1228 1172 1263 ἢ
1188 1231 1201 1257 ὁ
1216 1228 1326 1266 μηδέπω
1343 1227 1438 1263 ἁλούς,
1458 1226 1491 1255 ‘O
1508 1226 1619 1264 μηδέπω
1632 1225 1698 1258 τέως
1711 1224 1799 1258 ἁλούς.

1028 1276 1061 1304 Εἰ
1074 1275 1099 1303 δὲ
1114 1276 1263 1308 ἀπιστεῖτε,
1275 1273 1328 1302 ἀπὸ
1342 1275 1393 1302 τῶν
1405 1273 1538 1311 ὑμετέροιν
1553 1271 1658 1312 παρέξω
1671 1270 1718 1306 τὴν
1730 1270 1799 1299 ἀπό-

1027 1321 1112 1354 δειξιν.
1127 1321 1204 1353 Τίνος
1221 1320 1273 1359 γὰρ
1288 1320 1318 1348 ἄν
1341 1331 1380 1352 τις
1396 1320 1494 1357 μᾶλλον
1514 1318 1636 1358 ἐρασθείη
1658 1317 1799 1356 γυναικὸς,

1028 1370 1074 1402 τῆς
1085 1367 1197 1399 εὐκόλως
1218 1365 1493 1403 ὓποκατακλινομένης
1515 1366 1583 1403 αὐτῷ
1603 1364 1647 1392 καὶ
1661 1363 1799 1402 ἐκδιδομέ-

1029 1425 1074 1449 νης
1083 1435 1090 1447 ,
1104 1412 1121 1447 ἢ
1134 1415 1180 1447 τῆς
1192 1411 1351 1451 ἀρνουμένης
1366 1411 1410 1439 καὶ
1424 1411 1570 1450 πράγματα
1584 1411 1655 1449 αὐτῷ
1667 1408 1802 1448 παρεχού-

1031 1472 1094 1495 σης;
1110 1459 1228 1494 Εὔδηλον
1244 1457 1285 1486 ὅτι
1299 1457 1395 1492 ταύτης
1404 1469 1410 1475 ·
1427 1457 1535 1496 καὶγὰρ
1550 1457 1672 1494 μειζόνως
1685 1457 1800 1484 ἐντεῦθεν

1030 1508 1043 1534 ὁ
1058 1505 1136 1538 πόθος
1152 1505 1306 1534 ἀνάπτεται.
1322 1505 1423 1533 Οὐκοῦν
1443 1503 1487 1532 καὶ
1509 1503 1553 1532 ἐπὶ
1568 1506 1616 1538 τῆς
1636 1502 1756 1542 γυναικὸς
1770 1501 1801 1530 τὸ

1031 1553 1093 1581 αὐτὸ
1105 1552 1135 1587 δὴ
1151 1555 1226 1579 τοῦτο
1241 1551 1328 1579 ἔσται’
1344 1551 1390 1579 καὶ
1408 1554 1498 1579 τοῦτον
1513 1549 1655 1587 τιμήσουσι
1676 1548 1723 1577 καὶ
1736 1551 1800 1577 θαυ-

1032 1598 1157 1636 μάζονται
1170 1597 1248 1626 πλέον
1263 1597 1306 1625 τὸν
1325 1597 1494 1635 ὓπερορῶντα
1511 1597 1605 1624 αὐτῶν.
1620 1595 1654 1624 Εἰ
1674 1594 1702 1624 δὲ
1724 1597 1801 1623 τοῦτο

1032 1645 1126 1680 ἀληθὲς
1136 1665 1143 1678 ,
1155 1645 1262 1672 κάκεῖνο
1275 1643 1369 1680 ὁμοίως
1377 1664 1385 1677 ,
1399 1643 1429 1671 τὸ
1441 1644 1466 1670 ἐν
1479 1641 1577 1680 μείζονι
1589 1637 1654 1670 εἶναι
1666 1642 1746 1680 ἡδονῇ
1755 1641 1800 1670 τὸν

1033 1692 1131 1730 μᾶλλον
1148 1690 1297 1728 τιμώμενον
1312 1689 1356 1718 καὶ
1371 1688 1553 1727 ἀγαπώμενον.
1568 1688 1645 1717 Ἐπεὶ
1659 1688 1705 1717 καὶ
1720 1700 1800 1728 στρα-

1032 1737 1109 1775 τηγὸς
1123 1736 1200 1765 πόλιν
1212 1736 1260 1770 τὴν
1273 1735 1319 1772 μὲν
1334 1734 1457 1768 καθάπαξ
1471 1735 1583 1764 ἁλοῦσαν
1598 1734 1706 1774 ἀφίησι,
1719 1737 1752 1774 τῇ
1772 1733 1801 1763 δὲ

1034 1783 1160 1820 ἑστηκυίᾳ
1170 1782 1215 1811 καὶ
1230 1781 1411 1820 φιλονεικούσῃ
1423 1780 1591 1820 προσεδρεύει
1607 1780 1675 1818 μετὰ
1686 1781 1801 1815 σπουδῆς

1034 1829 1138 1864 ἁπάσης
1147 1840 1153 1846 ·
1182 1827 1226 1856 καὶ
1255 1826 1380 1865 Θηρευτης
1403 1826 1432 1855 τὸ
1457 1826 1504 1864 μὲν
1530 1830 1541 1842 ⁰
1550 1826 1670 1865 θηρευθὲν
1695 1827 1760 1859 ζῶον
1773 1828 1800 1855 ἓν

1035 1875 1120 1914 σκότῳ
1135 1873 1309 1905 κατακλείσας
1330 1873 1384 1912 ἔχει
1395 1893 1402 1906 ,
1415 1872 1532 1911 καθάπερ
1549 1874 1565 1906 ἡ
1581 1872 1663 1911 πόρνη
1677 1872 1721 1901 τὸν
1735 1873 1800 1911 ἐρα-

1036 1920 1111 1955 στὴν,
1123 1921 1152 1948 τὸ
1167 1919 1194 1948 δὲ
1209 1922 1301 1958 φεῦγον
1319 1918 1416 1946 διώκει.
1430 1918 1498 1947 Ἀλλ’
1512 1918 1638 1946 ἀπολαύει
1650 1920 1696 1953 τῆς
1713 1919 1800 1947 ἐπιθυ-

1037 1967 1098 2005 μίας
1111 1967 1207 1998 ἐκεῖνος
1218 1987 1225 2000 ,
1251 1964 1339 2004 φησὶν,
1363 1959 1436 1996 οὗτος
1459 1963 1486 1992 δὲ
1504 1964 1551 1992 οὐκ
1568 1963 1704 1992 ἀπολαύει.
1718 1964 1759 1992 Τὸ
1773 1963 1800 1992 δὲ

1037 2014 1073 2052 μὴ
1088 2012 1308 2051 καταιοχύνεσθαι
1319 2033 1326 2046 ,
1341 2009 1406 2048 μηδὲ
1422 2009 1550 2038 δουλεύειν
1568 2014 1624 2042 ταῖς
1636 2014 1801 2048 τυραννικαῖς

1037 2060 1116 2094 αὗτῆς
1137 2060 1272 2095 ἐπιταγαῖς
1284 2079 1292 2092 ,
1311 2056 1377 2093 μηδὲ
1401 2058 1436 2088 ὡς
1457 2055 1618 2094 ἀνδράποδον
1633 2055 1743 2095 ἄγεσθαι
1755 2057 1799 2085 ὑπ’

1037 2108 1116 2140 αὐτῆς
1128 2105 1172 2133 καὶ
1183 2103 1354 2142 περιάγεσθαι
1368 2102 1549 2141 ῥαπιζόμενον,
1560 2102 1748 2140 ἐμπτυόμενον,
1757 2102 1800 2131 ἐπὶ

1036 2153 1151 2191 κεφαλῆς
1177 2149 1333 2187 ὠθούμενον,
1358 2148 1454 2187 μικρὰν
1474 2148 1568 2183 ἡδονὴν
1593 2143 1658 2177 εἶναι
1671 2148 1784 2186 νομίζεις
1793 2171 1801 2184 ,

1036 2198 1093 2227 εἶπέ
1108 2209 1167 2235 μου
1186 2198 1220 2225 Εἰ
1235 2196 1285 2234 γάρ
1303 2207 1343 2228 τις
1362 2197 1446 2222 ταῦτα
1460 2194 1575 2233 ἀκριὸῶς
1598 2194 1741 2229 ἐξετάσειε,
1755 2194 1801 2223 καὶ

1037 2243 1156 2279 δυνηθείη
1179 2243 1226 2275 τὰς
1251 2242 1338 2280 ὕῧρεις
1364 2242 1449 2270 αὐτῶν
1472 2245 1636 2280 συναγαγεῖν,
1652 2240 1685 2269 τὰ
1703 2241 1800 2280 ἐγκλή-

1038 2303 1109 2326 ματα
1119 2313 1126 2325 ,
1139 2290 1186 2322 τὰς
1199 2293 1314 2328 συνεχεῖς
1327 2287 1421 2327 ὀργὰς,
1433 2287 1480 2320 τὰς
1494 2288 1546 2316 ἀπὸ
1557 2289 1644 2326 ψυχῆς
1654 2310 1662 2323 ,
1683 2286 1730 2320 τὰς
1749 2288 1802 2316 ἀπὸ

1036 2341 1081 2367 τοῦ
1096 2336 1253 2378 θρύπτεσθαι
1274 2335 1427 2374 γινομένας,
1443 2333 1491 2366 τὰς
1505 2333 1660 2373 ἀπεχθείας,
1680 2333 1713 2362 τὰ
1733 2334 1801 2363 ἄλλα

1037 2387 1122 2417 πάντα
1131 2409 1139 2423 ,
1154 2386 1221 2426 ἅπερ
1231 2387 1254 2414 οἳ
1267 2383 1412 2423 πάρ-[οντες
1426 2382 1498 2410 ἴσασι
1513 2381 1600 2420 μόνον,
1621 2381 1708 2411 πάντα
1724 2381 1801 2411 πόλε-

1039 2450 1086 2477 μον
1102 2436 1206 2476 εὓρήσει
1217 2434 1320 2467 πλείους
1333 2434 1426 2472 ἔχοντα
1439 2432 1486 2464 τὰς
1499 2432 1638 2471 ἀνακωχὰς
1649 2434 1696 2468 τ’ἤς
1712 2432 1801 2465 ἀθλίας

1083 2552 1093 2562 0
1112 2542 1150 2576 [A.
1165 2543 1192 2567 B.
1206 2548 1231 2566 et.
1242 2549 1319 2573 marg.
1334 2539 1543 2574 8ειι·ὶ1,χιι,οωθὲν.]
