1891 2866
114 1433 242 1455 Chi-vsosto-

262 147 327 195 196
603 159 631 182 ε.
660 160 797 183 som-ms
825 159 1002 182 cnnrsosr.

257 221 286 249 lo
293 226 390 248 autem
400 229 454 249 vos
467 221 529 249 sine
536 221 735 250 sollicitudine
745 232 813 251 esse.
826 223 948 250 Attamen
961 220 991 249 il-

257 267 304 296 lud
313 278 419 306 quoquc
429 267 456 296 in
466 278 557 296 eorum
572 276 727 308 potestatem
737 269 857 298 remittit.
866 270 934 298 Nam
944 267 990 307 qni

257 320 396 352 postquam
407 313 520 342 ostendit
541 314 570 343 id
582 315 652 352 quod
670 322 708 343 est
722 315 885 354 eligendum,
898 325 990 342 rursus

255 360 335 399 cogit,
347 360 453 389 videtur
474 371 525 389 non
540 362 594 390 suis
616 361 698 390 fidere
709 362 806 391 verbis.
823 362 991 400 Quapropter

255 406 422 434 concessione
434 406 518 445 magis
528 407 711 446 ipsosinduxit
725 415 750 436 ct
764 406 990 440 retimiit‚dicens:

254 451 302 479 55.
315 452 408 479 Porro
419 452 473 480 hoc
483 453 523 480 ad
536 454 693 481 utilitatem
701 460 830 481 vestram
845 453 921 489 dico,
933 462 991 479 ιιοιι

1038 161 1053 181 Α
1061 161 1176 184 netum*
1183 177 1189 183 .
1219 161 1401 185 CONSTAN'H
1408 163 1483 186 Nor.

1047 222 1140 251 εἰπών·
1153 224 1238 252 Τοῦτο
1252 222 1278 252 δὲ
1291 223 1354 261 πρὸς
1366 223 1395 252 τὸ
1406 225 1478 262 ὑμῶν
1491 225 1574 253 αὖτῶν
1586 225 1784 265 συμφέρονλέγω
1797 247 1804 261 ,

1043 269 1092 306 οὐχ
1107 268 1148 296 ἵνα
1165 268 1260 307 βρόχον
1272 271 1331 306 ὑμῖν
1347 269 1464 298 ἕπιὸάλω
1475 292 1482 306 ,
1498 270 1565 299 ἀλλὰ
1585 270 1649 309 πρὸς
1669 271 1699 299 τὸ
1712 271 1806 311 εὔσχη-

1045 325 1091 341 μον
1107 326 1151 342 και
1171 314 1351 354 εᾶπρόσῑδρον.
1366 315 1469 345 Ἀκουέτ
1470 328 1540 344 ωσαν
1558 319 1583 345 αἱ
1602 317 1743 357 παρθένοι,
1765 317 1807 346 ὅτι

1043 360 1089 387 οὐκ
1104 361 1129 388 ἐν
1150 371 1233 388 τουτω
1248 360 1357 400 ὥρισται
1369 363 1385 396 ἡ
1400 361 1538 402 παρθενία·
1557 364 1573 396 ἡ
1588 361 1639 419 γὰρ
1654 364 1807 402 μεριμνῶσα

1042 401 1076 432 τὰ
1089 407 1134 433 τοῦ
1148 405 1263 444 κόσμου,
1274 407 1326 434 οὐδ’
1345 406 1374 434 ἂν
1390 407 1429 442 εἴη
1442 408 1567 448 παρθένος
1580 408 1636 438 οὐδὲ
1651 408 1804 448 seq-num.

1043 448 1152 480 ‘'Ebu-‚v
1162 451 1225 491 γὰρ,
1240 454 1281 481 Με
1270 452 1405 491 :tuffam-rou
1416 465 1460 482 και
1472 456 1488 488 ἡ
1504 453 1566 492 γυνὴ
1581 466 1625 483 και
1638 457 1674 490 ἡ
1666 454 1806 494 παρθένος,

255 504 287 526 ut
302 498 438 537 laqueum
453 500 538 528 ‘vobis
555 501 697 539 injiciam,
726 499 777 527 sed
796 499 836 526 ad
860 499 892 525 id
915 498 993 536 quod
1007 498 1025 521 E
1043 500 1117 525 τοῦτο
1131 497 1229 526 τέθεικε
1241 499 1270 527 τὸ
1289 498 1418 538 διάφορον,
1434 499 1478 527 καὶ
1500 502 1521 539 ᾡ
1537 500 1702 535 διεστηκασιν
1723 501 1806 537 ἀλλή-

255 544 405 572 honestum
417 551 469 579 est,
481 553 509 573 et
519 545 596 583 quod
607 545 782 581 facultatem
793 545 928 581 praebeat.
937 545 992 571 Au-

253 588 327 618 diam
341 590 466 628 virgines,
477 591 549 629 quod
568 591 706 629 virginitas
730 590 757 618 in
768 590 819 618 hoc
832 599 885 618 non
901 589 993 617 termi—

254 642 331 664 netur
347 648 353 663 :
366 647 427 664 nam
441 647 499 674 qum
517 647 558 664 res
572 635 665 664 mundi
687 642 771 671 curat,
785 646 833 664 nec
846 635 924 673 virgo
935 635 992 663 sue-

253 681 288 710 rit
313 693 359 710 nec
378 682 493 711 honesta.
513 683 582 711 Cum
603 682 717 710 dixisset
735 682 818 718 enim,
833 682 937 710 Divisa
951 688 993 710 est

254 728 360 756 mulier
370 734 397 756 et
409 730 502 767 virgo,
516 728 585 756 hanc
602 727 781 756 differentiam
792 727 893 766 posuit,
905 734 993 765 etqua

253 773 280 801 in
295 784 323 802 re
333 773 483 812 discrepent
497 773 579 802 dixit.
594 775 631 802 Ac
647 784 709 802 cum
719 773 903 802 definitionem
917 772 992 802 dedat

1043 542 1104 570 λων.
1122 543 1204 572 Και“
1189 555 1275 582 ορον
1262 544 1345 576 διδους
1358 547 1404 579 τῆς
1423 545 1550 584 παρθένου
1565 546 1610 574 καὶ
1623 548 1669 581 τῆς
1687 547 1716 576 οὗ
1737 557 1807 585 παρ-

1044 587 1132 624 oium),
1145 590 1172 617 οὐ
1191 589 1275 627 γάμον
1290 592 1359 618 εἶπεν
1376 590 1434 619 οὔδε
1457 591 1621 630 ἐγκράτειαν,
1641 591 1735 620 ἀλλὰ’
1720 604 1806 631 απρα-

1043 644 1174 670 γμοσυνην
1200 634 1245 662 καὶ
1272 635 1534 674 πῶυπραγμοσυνην.
1558 639 1598 666 Οὐ
1619 637 1670 677 γὰρ
1693 640 1710 672 ἡ
1739 638 1807 677 μίξις

1043 678 1165 719 πονηρὸν,
1179 679 1245 708 ἀλλὰ
1259 679 1288 708 τὸ
1309 681 1493 717 ἐμποδίζεσθαι
1514 682 1578 722 πρὸς
1597 683 1758 722 φιλοσοφίαν.
1774 685 1807 713 Εἰ

1045 724 1072 752 δέ
1086 736 1124 757 τις
1139 726 1297 764 ἀσχημονεῖν
1322 726 1364 755 ἐπὶ
1387 726 1434 762 τὴν
1453 728 1579 766 παρθένον
1599 730 1677 758 αὐτοῦ
1698 731 1806 769 νομίζει.

1045 769 1176 799 Ἐνταῦθα
1189 772 1259 800 δοκεῖ
1283 772 1329 810 μὲν
1347 772 1413 813 ὑπὲρ
1426 773 1512 812 γάμου
1532 775 1697 813 διαλέγεσθαι
1708 788 1715 794 ·
1726 777 1758 806 τὸ
1780 777 1813 805 δὲ·

252 819 367 857 virginis
383 826 408 847 et
423 830 474 847 non
492 819 617 858 virginis,
634 830 685 847 non
709 819 825 859 nuptias,
841 829 893 848 non
908 819 992 847 conti·
998 843 1034 862 153
1045 820 1097 843 πᾶν
1109 816 1169 855 περὶ
1181 817 1320 855 παρθενίας
1335 818 1412 857 φησίν
1423 831 1429 837 ·
1446 819 1503 848 ἐπεὶ
1517 819 1561 848 καὶ
1573 820 1689 860 δεύτερον
1697 833 1807 861 συγχω-

252 865 369 893 nentiam
378 865 459 900 dixit,
471 865 518 894 sed
532 865 720 894 sollicitudinis
729 865 887 902 vacuitatem
900 872 924 894 et
938 876 992 894 ma-
1008 872 1028 894 A
1047 865 1085 900 ρέἷ
1097 862 1193 900 γάμον,
1208 863 1284 901 μόνον
1299 863 1345 893 Ἐν
1358 865 1446 905 Κυρίῳ
1461 865 1553 905 λέγων.
1569 866 1604 895 Τί
1623 867 1651 896 δέ
1665 868 1746 905 ἐστιν,
1759 867 1806 897 Ἐν

252 921 331 949 gnam
345 910 563 940 sollicitudinem.
581 912 640 939 Non
662 911 733 939 enim
745 911 829 939 coitus
839 910 926 939 malus
942 917 990 947 est,

252 955 298 984 sed
322 956 545 996 impedimentum
557 956 590 985 ad
611 957 810 996 philosophiam
822 957 932 985 malum.
944 957 991 985 56.

251 1002 282 1031 Si
292 1004 356 1041 quis
368 1009 465 1031 autem
479 1009 590 1041 turpem
601 1013 632 1031 se
642 1004 737 1031 videri
747 1004 897 1031 existimat
908 1013 994 1041 super

251 1051 366 1088 virgine
376 1060 438 1078 sua.
454 1049 505 1077 Hic
525 1049 632 1078 videtur
643 1049 752 1088 quidem
771 1049 804 1078 de
823 1049 993 1078 matrimonio

252 1095 342 1133 loqui3
366 1102 452 1124 totum
468 1102 557 1124 autem
569 1096 636 1124 dicit
659 1095 693 1124 de
714 1096 955 1135 virginitatemam
969 1102 994 1124 et

252 1140 398 1170 secundum
408 1142 529 1170 concedit
543 1142 760 1180 matrimonium,
771 1148 875 1170 tantum
885 1143 922 1170 In
932 1142 994 1170 Do-

255 1191 342 1217 mino.
353 1189 425 1224 Quid
439 1196 477 1218 est
494 1189 574 1225 illud,
587 1191 625 1217 In
634 1191 764 1218 Domino
776 1193 788 1216 Ρ
801 1189 871 1218 Cum
888 1189 993 1218 castita-

252 1241 288 1272 te,
310 1245 372 1263 cum
396 1234 540 1263 honestate.
562 1234 620 1263 Hac
637 1235 708 1263 enim
735 1234 835 1272 ubique
858 1241 897 1263 est
916 1245 1022 1273 opus,

252 1282 390 1320 ipsamque
398 1281 501 1320 insequi
509 1289 611 1321 oportet
620 1294 626 1312 :
636 1281 756 1320 alioquin
767 1292 800 1310 ne
810 1281 872 1310 licet
882 1281 993 1320 quidem

254 1327 341 1356 Deum
353 1327 456 1356 videre.
470 1327 500 1356 Si
512 1334 602 1356 autem
616 1327 811 1367 praeterivimus
823 1338 864 1362 ea,
877 1338 936 1366 quoe
948 1327 990 1356 di-

253 1373 335 1402 cenda
350 1380 424 1402 erant
437 1373 471 1402 de
484 1373 650 1412 virginitate,
670 1384 747 1402 nemo
759 1383 806 1402 nos
820 1373 988 1412 negligentiae

253 1419 418 1448 condemnet.
447 1420 562 1448 Librum
588 1420 659 1448 enim
673 1420 806 1459 integrum
817 1420 845 1448 in
868 1430 926 1449 eam
937 1431 992 1449 rem

103 1472 152 1485 “¹¹¹⁵
163 1465 193 1485 Μ)
188 1472 212 1485 '⁴¹'
214 1472 243 1485 ΗΠ
253 1463 398 1501 edldlmus,
409 1470 434 1492 et
449 1475 510 1492 cum
525 1464 563 1493 tbi
578 1471 700 1493 accurate
713 1471 843 1503 quantum
853 1465 990 1504 potuimus

104 1496 130 1515 de
155 1497 243 1521 virgini-

105 1530 147 1547 tate
165 1527 242 1547 edidit.

253 1509 327 1537 illam
347 1519 403 1537 rem
413 1510 615 1538 tractaverimus
620 1520 864 1549 ‚supervacaneum
873 1521 928 1539 esse
941 1510 992 1539 du·

252 1554 343 1583 ximus
357 1554 472 1583 eadem
464 1565 523 1594 ipsa
546 1555 590 1583 hic
607 1562 731 1594 repetere.
749 1555 931 1590 Quamobrem
944 1556 991 1585 illo

251 1601 414 1630 remittentes
425 1601 587 1639 auditorem,
602 1602 648 1631 bic
670 1602 740 1631 illud
759 1602 889 1641 dicemus,
906 1604 991 1632 conti-

251 1647 368 1676 nentiam
399 1658 456 1676 esse
479 1647 629 1677 sectandam
647 1660 653 1675 :
670 1659 732 1677 nam
751 1648 789 1677 ait
802 1649 848 1678 ille
861 1662 868 1678 ι
881 1651 992 1679 Pacem

249 1696 456 1733 persequimini
467 1701 494 1722 et
504 1695 778 1733 sanctificationem,
791 1697 855 1724 sine
869 1707 928 1735 qua
941 1708 990 1725 ne-

252 1749 299 1769 mo
321 1741 433 1768 videbit
454 1741 624 1769 Dominum.
646 1742 683 1769 Ut
696 1751 761 1780 ergo
776 1742 938 1771 eumvidere
951 1743 991 1771 di-

252 1796 377 1824 gnemur;
391 1786 448 1815 sive
462 1786 489 1814 in
507 1787 661 1825 virginitate
675 1786 813 1826 degamus,
830 1789 886 1818 sive
896 1789 924 1817 in
932 1789 989 1828 pri-

252 1831 304 1860 mis
317 1831 412 1860 sivein
436 1831 559 1861 secundis
580 1833 691 1872 nuptiis,
707 1833 776 1862 hanc
789 1844 990 1873 persequamur,

253 1885 283 1907 ut
293 1889 405 1917 regnum
428 1879 553 1908 caelornm
567 1880 761 1920 adipiscamur,
778 1881 862 1920 gratia
873 1889 898 1910 et
914 1882 992 1910 beni-

252 1924 352 1963 gnitate
364 1925 473 1954 Domini
491 1926 575 1954 nostri
592 1927 655 1955 Jesu
672 1927 784 1962 Christi,
802 1927 912 1965 quicum
938 1928 993 1956 Pa-

252 1970 287 1999 tri
296 1981 400 2009 unaque
407 1971 522 2010 Spiritui
530 1980 619 2001 sancto
628 1973 722 2012 gloria,
734 1973 888 2013 imperium,
897 1974 996 2011 honor,

252 2026 323 2045 nunc
337 2024 363 2046 et
376 2027 489 2057 semper,
509 2024 534 2046 et
550 2017 577 2046 in
598 2019 693 2047 saecula
717 2019 883 2048 saeculorum.
899 2021 995 2049 Amen.

288 2121 298 2136 '³
316 2120 359 2155 [Α.
371 2126 436 2148 εἰπὼν
453 2124 530 2148 δὲ....-
541 2128 662 2157 παρθένος,
674 2127 741 2156 ἑῖειξε
757 2129 806 2151 ὅσον
823 2128 895 2152 αὐτῶν
913 2130 940 2152 τὸ
956 2128 1006 2152 διὰ·

254 2173 371 2196 ξορα-ιη...
385 2163 435 2187 εἶτα
446 2161 518 2196 ὅροι]

287 2207 297 2219 ¹
315 2199 362 2224 Hic
375 2199 465 2224 librum
483 2209 555 2224 suum
568 2200 599 2225 de
615 2201 762 2233 Virginitate
782 2209 918 2233 memorat,
932 2212 1006 2236 quem

254 2237 380 2264 edidimus
394 2239 477 2264 Tomo
490 2240 513 2271 4,
528 2248 554 2272 p.
572 2240 629 2265 268.
643 2241 708 2274 Lege
724 2241 846 2267 monitum
861 2242 928 2275 operi
944 2251 1007 2275 prae-

1045 908 1148 948 Κυρίῳ,
1165 909 1241 938 Μετὰ
1255 910 1438 949 σωφροσύνης,
1458 911 1523 950 μετὰ
1537 913 1716 951 κοσμιότητος.
1732 913 1808 943 Ταύ-

1045 966 1092 989 της
1105 955 1155 993 γὰρ
1171 959 1307 995 πανταχοῦ
1326 957 1416 996 χρεία,
1437 958 1481 987 καὶ
1504 960 1542 987 δεῖ
1564 959 1662 995 ταύτην
1683 960 1787 990 διώκειν
1799 973 1806 979 ·

1046 1000 1131 1034 ἄλλως
1145 1000 1195 1040 γὰρ
1207 1003 1252 1031 οὒκ
1272 1001 1340 1031 ἔστιν
1355 1004 1417 1032 ἷδεῐν
1430 1004 1473 1032 τὸν
1486 1004 1563 1034 Θεόν.
1579 1006 1613 1034 Εἰ
1628 1005 1655 1034 δὲ
1673 1006 1806 1046 παρεδρά-

1046 1058 1127 1084 μομεν
1139 1046 1172 1075 τὰ
1182 1048 1242 1086 περὶ
1255 1051 1301 1083 τῆς
1314 1049 1467 1088 παρθενίας,
1481 1050 1570 1088 μηδεὶς
1582 1053 1657 1089 ἡμῶν
1668 1051 1741 1080 ὄκνον
1755 1063 1808 1080 κα-

1045 1093 1238 1130 ταγινωσκέτω.
1254 1094 1326 1123 ΞΚαὶ
1340 1095 1390 1134 γὰρ
1409 1096 1548 1136 ὁλόκληρον
1568 1099 1631 1135 ἡμῖν
1652 1097 1751 1135 βιὸλίον
1772 1099 1808 1131 εἷς

1045 1149 1121 1166 τουτο
1140 1138 1273 1178 σύγκειται
1291 1141 1320 1170 τὸ
1331 1140 1436 1180 χωρίον,
1456 1141 1501 1170 και.
1521 1141 1587 1179 μετὰ
1608 1143 1741 1182 ἀκριὸείας
1761 1145 1808 1179 τῆς

1046 1185 1133 1221 ἡμῖν’
1122 1197 1288 1225 εγίυρουσης
1303 1182 1344 1216 5755
1346 1191 1355 1215 ῖ
1374 1199 1454 1216 πασιν
1473 1189 1507 1216 ἔτ-
1498 1186 1665 1223 ιεξελθόντες,
1684 1201 1807 1230 περιττο-

1046 1230 1135 1269 λογίαν
1153 1234 1217 1260 εἰναι
1238 1232 1394 1271 ἐνομίσαμεν
1405 1233 1449 1262 καὶ
1465 1234 1574 1262 ἐνταῦθα
1587 1234 1666 1263 πάλιν
1681 1234 1777 1263 αὖτὰ’
1764 1247 1808 1263 εν-

1046 1278 1136 1305 θεῖναι.
1155 1277 1253 1317 Διόπερ
1267 1279 1319 1307 ἐκεῖ
1333 1279 1582 1318 παραπέμ’μειιντεςε
1572 1280 1637 1320 νπὲρ
1652 1281 1750 1310 τούτων
1763 1280 1807 1310 τὸν

1046 1323 1186 1361 ἀκροατὴν,
1199 1325 1333 1352 ἐνταῦθα’
1322 1329 1403 1353 εκεῖνο
1416 1327 1533 1365 ἐρουμεν,
1544 1325 1585 1355 οτι
1595 1326 1643 1362 τὴν
1654 1327 1807 1367 ἐγκράτειαν

1008 1374 1026 1396 Β
1046 1368 1083 1396 δεῖ
1109 1368 1220 1397 οιώκειν.
1234 1369 1349 1409 Εἷρηνην
1373 1370 1440 1410 γαρ,
1455 1383 1535 1410 φησι,
1556 1372 1678 1409 διώκετε,
1699 1373 1745 1402 καὶ
1763 1373 1806 1402 τὸν

1045 1414 1184 1453 ἇγιαο-μον,
1200 1418 1229 1443 οὓ
1253 1416 1335 1455 χωρὶς
1360 1417 1440 1450 οὖοεις
1455 1418 1546 1457 ὄψεται
1567 1418 1611 1447 τὸν
1635 1418 1741 1458 Κύριον.
1759 1419 1806 1448 'lv’

1044 1464 1087 1489 οὖν
1102 1462 1163 1490 ἰδεῖν
1176 1462 1252 1491 αὐτὸν
1268 1462 1479 1501 καταξιωθῶμεν,
1493 1463 1542 1492 κᾶν
1553 1466 1579 1494 ἓν
1589 1465 1740 1505 παρθενίᾳ
1724 1477 1807 1504 ωμεν,

1044 1519 1091 1536 καν
1106 1520 1132 1536 εν
1146 1508 1242 1548 πρώτῳ
1255 1508 1334 1549 γάμῳ
1353 1521 1400 1537 καν
1422 1511 1448 1538 ἐν
1469 1509 1594 1556 δευτέρω,
1607 1510 1704 1546 ταύτην
1723 1523 1807 1550 μετα-

1044 1553 1216 1591 διώκωμεν,“’
1206 1566 1246 1582 ινα
1261 1554 1382 1593 τύχωμεν
1395 1557 1441 1590 τῆς
1457 1540 1591 1593 βασιλείας
1609 1567 1660 1584 των
1681 1557 1807 1596 οὔρανων,

1043 1599 1133 1638 χάριτι
1144 1611 1188 1628 και
1198 1601 1243 1638 qut)
1245 1600 1379 1641 ανθρωπία
1392 1604 1436 1630 τοῦ
1447 1601 1544 1641 Κυρίου
1555 1604 1632 1640 ἡμῶν
1645 1601 1733 1638 Ἰησοῦ
1742 1603 1807 1642 Χρι-

1044 1648 1118 1682 στου,
1129 1645 1186 1684 μεθ’
1197 1648 1226 1674 οὗ
1237 1658 1274 1685 τῳ
1284 1647 1401 1686 Πατρι”
1385 1659 1465 1685 αμα
1453 1649 1490 1675 τῶ
1502 1647 1568 1687 ἁγίῳ
1581 1647 1717 1686 Πνευματι
1731 1648 1806 1685 δόξα,

1043 1691 1150 1730 κράτος,
1164 1691 1228 1729 τιμὴ
1239 1714 1246 1727 ,
1262 1694 1304 1720 νῦν
1325 1704 1370 1721 και
1383 1705 1440 1730 αει,
1462 1693 1507 1722 καὶ
1526 1695 1561 1727 εἷς
1574 1692 1632 1727 τους
1647 1695 1742 1727 αἶιονας
1755 1695 1806 1723 τῶν

1043 1737 1154 1766 αἰώνων.
1173 1737 1263 1775 Ἀμήν.

1055 2126 1173 2158 missum,
1186 2125 1229 2151 ubi
1244 2125 1311 2152 clare
1328 2127 1449 2159 probatur
1464 2127 1530 2153 idem
1543 2129 1622 2161 ipsum
1639 2137 1701 2162 opus
1712 2134 1737 2154 et
1750 2137 1802 2154 non

1055 2165 1122 2190 aliud
1138 2164 1163 2190 in
1180 2165 1228 2191 fine
1240 2165 1311 2200 hujus
1323 2166 1437 2192 nomiliae
1448 2168 1474 2193 in
1485 2168 1565 2201 Epist.
1578 2166 1612 2193 ad
1622 2167 1737 2194 Corinth.
1748 2176 1803 2193 me-

1055 2212 1157 2229 morari.
