1891 2866
239 135 308 176 αφ’,
589 143 616 165 s.
646 144 784 167 smmis
810 144 988 167 minvsosr.

237 205 310 233 statis
322 216 328 240 ;
342 204 424 233 efficit
440 205 510 233 enim
527 210 556 233 ut
578 204 703 234 deorsum
718 205 877 245 aspiciamus
890 212 914 234 ct
928 216 978 244 pu-

236 250 301 279 dore
315 251 475 287 afficiamur,
487 251 676 290 propriamque
689 262 824 281 servemus
836 252 972 280 virtutem.

237 297 332 325 Virtus
351 297 422 326 enim
435 304 461 326 et
480 297 565 326 honor
578 297 635 336 ejus
651 298 693 326 cui
709 298 856 337 imperatur
879 305 928 334 est,
946 304 975 326 ut

236 350 340 372 maneat
354 343 380 371 in
394 342 553 372 obedientia.
567 344 619 373 Vir
633 344 731 383 quippe
743 355 794 373 non
809 344 913 383 cogitur
926 344 975 372 hoc

234 390 332 424 sacam
343 389 426 428 ipsius
440 390 511 418 enim
526 390 635 418 Domini
651 391 738 428 imago
752 398 806 425 est;
822 390 916 418 mulier
927 400 974 417 au-

235 443 288 464 tem
298 436 359 475 jure
377 436 481 464 merito.
496 437 589 474 Cogita
612 436 693 474 igitur
715 436 863 474 iniquitatis
885 446 975 463 exces-

235 493 309 518 sum,
323 493 384 511 cum
404 493 498 522 nempe
519 490 590 511 tanta
611 482 755 511 honoratus
776 489 914 521 potestate,
931 488 972 510 te-

235 529 324 568 ipsum
348 529 486 568 deturpas,
507 529 625 557 mulieris
646 529 768 557 habitum
793 529 905 567 rapiens.
925 528 971 557 ld-

237 575 326 614 ipsum
348 576 412 604 sacis
433 586 463 604 ac
492 575 513 603 si
537 581 674 614 acceptum
697 574 819 603 diadema
849 585 863 602 a
888 574 974 614 capite

233 620 370 660 abjiceres,
386 627 411 648 et
432 631 480 659 pro
495 619 646 648 diademate
666 620 762 648 servile
784 619 973 649 vestimentum

234 677 389 695 assumeres.
400 668 659 695 MJ'er1antamen
672 676 763 705 neque
776 668 826 694 ‘vir
838 668 901 695 sine
912 677 972 695 mu-

235 715 315 749 liere,
330 724 421 753 neque
435 714 539 742 mulier
552 716 614 742 sine
627 715 692 741 viro
705 715 736 741 in
747 715 884 742 Domino.
898 715 973 750 Quo-

234 761 305 788 niam
319 767 407 788 autem
422 759 533 788 multam
547 759 623 788 dedit
634 759 693 789 viro
707 760 900 797 excellentiam,
910 771 973 789 cum

232 805 304 834 dixit
318 805 455 833 mulierem
469 815 524 845 csse
537 815 571 833 ex
585 805 646 842 illo,
662 812 771 845 propter
790 806 867 834 illum
881 813 907 834 et
921 806 972 835 sub

233 852 294 887 illo;
307 862 340 880 ne
355 851 426 879 viros
438 850 500 890 plus
511 861 592 889 quam
613 862 662 890 par
675 858 731 880 erat
745 852 895 888 extolleret,
906 862 973 881 neve

232 897 292 924 illas
308 897 388 925 nimis
407 897 540 936 dejiceret,
554 896 617 925 vide
628 896 762 934 quomodo
783 897 971 926 correctionem

231 942 370 980 adhibeat,
391 942 481 971 dicens
493 955 499 970 ε
510 943 714 971 Verumtamen
731 953 823 982 neque
840 945 890 971 vir
909 946 972 973 sine

233 988 362 1022 muliere,
382 998 474 1027 neque
496 988 601 1016 mulier·
623 989 686 1016 sine
705 990 771 1016 ‘viro
785 991 816 1016 in
831 990 968 1018 Domino.

232 1034 272 1061 Ne
282 1033 464 1072 mihi‚inquit,
478 1033 565 1073 prima
577 1032 632 1062 sola
646 1034 790 1069 examines,
800 1044 885 1072 neque
901 1045 971 1064 crea-

232 1080 331 1107 tionem
344 1079 427 1108 illam.
440 1080 507 1108 Nam
523 1080 543 1108 si
559 1090 588 1108 ea
599 1090 657 1118 quae
667 1086 758 1119 postea
768 1080 835 1109 facta
850 1087 911 1109 sunt
924 1092 970 1110 ex-

232 1125 337 1162 quiras,
352 1132 462 1164 uterque
480 1126 618 1164 utriusque
633 1133 672 1154 est
696 1133 800 1162 auctor;
813 1126 866 1155 imo
888 1137 970 1166 neque

231 1178 340 1209 uteique
359 1172 505 1210 utriusque,
520 1171 566 1200 sed
581 1172 654 1200 Deus
667 1172 801 1200 omnium:
815 1182 898 1210 quare
913 1173 967 1201 ait:

232 1218 332 1256 Neque
338 1219 386 1245 vir
392 1219 454 1246 sine
463 1218 581 1246 muliere
589 1228 680 1256 neque
688 1218 858 1247 muliersine
864 1221 931 1247 ‘viro
939 1221 970 1247 in

233 1264 422 1292 Dominam.
435 1265 513 1292 lVam
527 1266 602 1292 sicut
614 1264 718 1292 mulier
730 1275 765 1292 ex
777 1266 854 1300 viro,
867 1266 910 1293 ita
922 1268 971 1294 vir

230 1322 282 1349 per
294 1312 452 1340 mulierem.
462 1312 522 1340 Non
535 1311 614 1348 dixit,
623 1312 668 1340 Ex
682 1311 805 1349 muliere,
812 1311 859 1340 sed
868 1319 967 1350 contra,

233 1359 282 1386 Ex
297 1361 377 1386 viro:
391 1358 480 1387 adhuc
492 1359 562 1386 enim
574 1358 624 1386 hoc
634 1358 722 1398 ipsum
735 1359 869 1397 integrum
881 1366 969 1388 manet

231 1404 305 1442 apud
318 1404 417 1432 virum.
428 1406 532 1434 Verum
546 1404 603 1433 haec
617 1411 687 1433 recte
699 1411 770 1443 gesta
783 1414 835 1432 non
845 1405 909 1443 viri,
922 1405 969 1434 sed

233 1450 282 1477 Dei
297 1457 359 1478 sunt
372 1461 468 1488 :quare
483 1451 563 1478 etiam
577 1450 718 1488 subjunxit
728 1462 734 1477 :
744 1450 800 1479 Sed
819 1453 918 1479 omnia
933 1462 969 1479 ex

232 1497 304 1524 Deo.
319 1496 348 1525 Si
362 1506 424 1534 ergo
439 1496 489 1524 Dei
499 1502 560 1524 sunt
574 1495 673 1531 omnia,
690 1496 747 1535 ipse
761 1503 851 1524 autem
864 1496 910 1524 illa
921 1497 969 1535 ju-

231 1541 287 1578 bet,
301 1541 443 1580 obsequere
463 1548 489 1570 et
510 1552 542 1570 ne
563 1540 737 1570 contradicas.
758 1543 804 1571 15.
824 1543 862 1570 In
885 1543 969 1571 vobis

231 1590 300 1626 ipsis
317 1588 467 1627 judicate:
479 1588 558 1616 decet
583 1588 732 1616 mulierem
757 1598 815 1616 non
837 1588 969 1616 velatam

232 1643 316 1661 orare
327 1634 420 1661 Deum
428 1636 441 1660 Ρ
450 1633 553 1661 Rursus
563 1632 624 1661 illos
636 1633 772 1662 constituit
785 1633 918 1662 dictorum
923 1634 969 1673 ju-

231 1678 315 1715 dices,
331 1677 402 1717 quod
423 1678 502 1706 etiam
518 1679 545 1706 in
560 1677 718 1720 idolothytis
731 1679 793 1707 fecit
805 1690 884 1708 :nam
898 1686 923 1708 et
936 1679 970 1708 il-

234 1724 270 1753 lie
295 1724 371 1761 dicit,
393 1725 532 1753 Judicate
551 1735 606 1754 vos
629 1726 709 1764 quod
728 1726 810 1759 dico,·
825 1726 920 1761 ethic,
933 1728 971 1754 In

232 1772 316 1799 vobis
336 1772 405 1809 ipsis
422 1772 562 1810 judicate.
575 1771 611 1799 Et
632 1771 779 1800 terribilius
801 1771 904 1810 aliquid
926 1771 970 1800 hic

232 1815 594 1845 subindicat2c0ntumeliam
601 1816 674 1859 enim
688 1816 734 1845 hie
751 1816 818 1845 dicit
830 1816 865 1845 ad
882 1818 970 1846 Deum

232 1861 354 1890 transire.
369 1863 471 1891 Verum
485 1873 536 1891 non
553 1863 589 1891 ita
609 1862 742 1900 loquitur,
756 1862 802 1891 sed
815 1863 906 1891 mitius
917 1863 970 1892 ali-

233 1913 362 1945 quantum
377 1914 402 1935 et
425 1908 509 1946 magis
534 1907 711 1946 aenigmatice,
724 1907 970 1938 dicens:Decetne

232 1954 381 1982 mulierem
400 1964 458 1982 non
475 1955 607 1982 velatam
622 1955 716 1982 Deum
731 1958 834 1983 orare?
844 1955 892 1983 14.
902 1955 968 1983 An-

234 2010 292 2027 non
310 2001 374 2038 ipsa
391 2006 498 2028 natura
517 2010 570 2028 vos
590 2000 682 2035 docet,
699 2000 778 2039 quod
788 2002 838 2029 vir·
851 2001 967 2041 quidem

231 2048 257 2073 si
271 2055 384 2073 comam
397 2048 515 2081 nutriat,
528 2048 690 2084 ignominia
703 2048 740 2074 sit
753 2047 800 2074 illi
811 2050 824 2075 Ρ
838 2049 884 2077 15.
902 2058 966 2076 mu—

1019 145 1037 166 Λ
1044 145 1159 167 chllw
1167 160 1173 166 .
1202 144 1264 167 CON
1270 145 1326 173 573&
1334 145 1453 167 NTlNOl‘
1461 160 1467 166 .

1028 217 1066 233 τω
1076 205 1126 244 γὰρ
1140 205 1222 233 νεύειν
1233 207 1427 243 παρασκευάζει
1441 206 1485 235 καὶ
1504 206 1670 245 ἐντρέπεσθαι
1688 208 1732 237 καὶ
1747 208 1794 243 τὴν

1027 251 1125 279 οἰκείαν
1141 252 1272 289 διατηρεῖν
1295 252 1400 290 ἀρετήν.
1418 253 1508 292 Ἀρετὴ
1525 254 1575 293 γὰρ
1589 253 1735 293 ἀρχομένου
1749 256 1795 283 καὶ

1027 296 1091 334 τιμὴ
1103 297 1132 325 τὸ
1144 297 1229 333 μένειν
1247 297 1290 326 ἐπὶ
1303 300 1350 332 ’.ἧς
1361 300 1486 333 ὓπακοῆς.
1504 301 1537 329 ‘0
1550 299 1596 337 μὲν
1607 300 1657 339 γὰρ
1673 300 1738 339 ἀνὴρ
1749 302 1796 329 οὐκ

1028 342 1202 379 ἀναγκάζεται
1221 346 1295 371 τοῦτο
1308 347 1391 372 ποιεῖν
1403 356 1409 361 ·
1429 348 1474 374 τοῦ
1489 345 1539 384 γὰρ
1559 346 1693 375 Δεσπότου
1717 348 1795 375 αὐτοῦ

1027 389 1097 416 ἐστιν
1119 388 1208 416 εἰκών·
1236 391 1252 423 ἡ
1270 389 1334 427 γυνὴ
1350 390 1377 418 δὲ
1400 391 1514 424 εἰκότως.
1530 391 1670 426 Ἐννόησον
1692 387 1734 420 οἷν
1749 394 1796 426 τῆς

1026 434 1193 472 παρανομίας
1214 434 1262 469 τὴν
1287 435 1519 475 ὓπερὸολὴν,ὁ’ταν
1540 438 1654 476 τοσαύτῃ
1677 438 1796 476 τιμηθεὶς

1030 478 1134 519 ἐξουσία
1150 481 1244 508 σαυτὸν
1264 481 1456 522 καταισχύνῃς,
1469 483 1498 512 τὸ
1517 486 1563 518 τῆς
1574 483 1694 522 γυναικὸς
1710 483 1795 522 ἁρπά-

1026 526 1076 558 ζων
1090 528 1191 564 σλῆμα.
1207 527 1259 555 Καὶ
1270 527 1362 556 ταυτὸν
1377 533 1473 564 ποιεῖς,
1485 531 1519 562 ὡς
1534 529 1564 557 ἂν
1576 531 1599 558 εἰ
1614 529 1730 567 διάδημα
1743 530 1794 557 λα-

1026 571 1090 605 θὼν,
1106 571 1184 611 ῥίψῃς
1197 573 1226 601 τὸ
1241 572 1357 611 διάδημα
1370 575 1422 603 ἀπὸ
1435 577 1481 610 τῆς
1496 577 1623 614 κεφαλῆς,
1636 576 1693 604 ἀντὶ
1708 575 1735 604 δὲ
1747 577 1793 604 τοῦ

1025 618 1184 656 διαδήματος
1205 619 1320 648 δουλικὸν
1333 620 1416 658 λάὸῃς
1436 621 1548 658 ἱμάτιον.
1562 622 1638 657 Πλὴν
1653 621 1711 650 οὔτε
1727 621 1792 660 ἀνὴρ

1024 663 1106 702 χωρὶς
1117 664 1236 702 γυναικὸς
1247 686 1254 698 ,
1270 665 1327 693 οὐδὲ
1349 666 1414 704 γυνὴ
1434 667 1517 705 χωρὶς
1531 668 1622 707 ἀνδρὸς
1641 669 1666 696 ἐν
1690 667 1790 708 Κυρίῳ.

1025 709 1135 745 Ἐπειδὴ
1150 710 1201 750 γὰρ
1212 711 1311 746 πολλὴν
1327 712 1456 752 ὑπεροχὴν
1468 712 1548 742 ἔδωκε
1561 716 1599 753 τῷ
1608 714 1698 753 ἀνδρὶ,
1712 714 1792 743 εἰπὼν

1025 755 1064 783 ὅτι
1079 755 1105 788 ἐξ
1132 758 1210 785 αὐτοῦ
1231 759 1247 791 ἠ
1262 757 1342 795 γυνὴ,
1358 758 1403 787 καὶ
1416 759 1457 788 ὅτι
1477 761 1509 788 δι’
1532 760 1608 789 αὖτὸν
1629 761 1674 789 καὶ
1686 762 1731 789 ὑπ’
1746 762 1793 789 αὗ-

1024 801 1083 829 τόν’
1099 801 1141 830 ἵνα
1156 801 1224 840 μήτε
1240 803 1297 836 τοὺς
1311 803 1404 844 ἄνδρας
1429 805 1513 844 ἐπάρῃ
1528 805 1606 835 πλέον
1620 810 1666 835 τοῦ
1679 806 1794 842 δέοντος,

1026 847 1093 885 μήτε
1103 847 1204 881 ἐκείνας
1215 850 1362 889 ταπεινώσῃ
1372 873 1379 886 ,
1391 850 1438 890 ὅρα
1452 854 1508 884 πῶς
1519 851 1612 890 ἐπάγει
1623 851 1670 888 τὴν
1681 853 1791 892 διόρθω-

1024 903 1074 926 σιν,
1089 892 1188 932 λέγων’
1208 895 1285 930 Πλὴν
1305 895 1363 924 οὔτε
1389 896 1455 936 ἀνὴρ
1479 897 1560 936 χωρὶς
1573 898 1708 937 γυναικὸς,
1732 898 1791 926 οὔτε

1023 938 1086 976 γυνὴ
1105 940 1186 977 χωρὶς
1201 942 1292 981 ἀνδρὸς
1304 942 1330 970 ἐν
1345 942 1444 982 Κυρίῳ.
1457 943 1502 979 Μὴ
1517 944 1568 983 γάρ
1583 956 1628 982 μοι
1639 966 1646 979 ,
1662 943 1742 984 φησὶ,
1756 943 1790 972 τὰ

1023 984 1224 1023 πρῶταέξέταζε
1236 986 1311 1024 μόνα,
1322 988 1389 1025 μηδὲ
1397 988 1445 1023 τὴν
1457 989 1628 1028 δημιουργίαν
1641 989 1750 1026 ἐκείνην·
1758 989 1788 1019 ἂν

1023 1029 1073 1068 γὰρ
1084 1029 1117 1058 τὰ
1130 1031 1197 1068 μετὰ
1207 1035 1291 1061 ταῦτα
1310 1034 1397 1072 ζητῇς,
1409 1034 1530 1074 ἑκάτερος
1549 1035 1673 1075 ἑκατέρου
1690 1036 1772 1068 αἴτιος
1781 1058 1790 1072 ,

1024 1076 1122 1112 μᾶλλον
1138 1076 1164 1105 δὲ
1184 1078 1240 1106 οὐδὲ
1251 1077 1330 1111 οὕτως
1345 1080 1465 1119 ἑκάτερος
1477 1081 1610 1119 ἑκατέρου,
1620 1083 1678 1110 ἀλλ’
1694 1084 1708 1111 ὁ
1723 1081 1790 1114 Θεὸς

988 1132 1007 1155 1)
1023 1121 1158 1150 ἁπάντων·
1172 1123 1211 1151 διό
1223 1135 1311 1162 φησιν,
1325 1125 1394 1153 Οὔτε
1409 1125 1475 1165 ἀνὴρ
1486 1127 1567 1167 χωρὶς
1581 1128 1700 1165 γυναικὸς
1711 1148 1718 1162 ,
1730 1127 1789 1156 οὔτε

1022 1167 1085 1205 γυνὴ
1098 1168 1178 1208 χωρὶς
1190 1169 1280 1208 ἀνδρὸς
1291 1172 1316 1198 ἐν
1328 1171 1532 1211 Κυρίῳ.”Ωσπερ
1543 1172 1595 1212 γὰρ
1603 1176 1619 1208 ἡ
1630 1173 1694 1212 γυνὴ
1705 1175 1736 1202 ἐκ
1742 1176 1788 1202 τοῦ

1023 1214 1129 1253 ἀνδρὸς,
1145 1214 1211 1244 οὕτω
1226 1216 1270 1244 καὶ
1285 1219 1299 1245 ὁ
1311 1216 1375 1255 ἀνὴρ
1386 1217 1428 1246 διὰ
1441 1220 1486 1253 τῆς
1499 1219 1628 1257 γυναικός.
1638 1221 1696 1248 Οὐκ
1709 1215 1790 1254 εἶπεν,

1022 1261 1051 1288 ἐκ
1063 1262 1109 1294 τῆς
1120 1262 1241 1300 γυναικὸς
1252 1285 1259 1297 ,
1275 1263 1342 1291 ἀλλὰ
1354 1263 1443 1299 πάλιν,
1453 1263 1502 1293 Ἐκ
1513 1268 1558 1293 τοῦ
1568 1265 1659 1305 ἀνδρός
1667 1278 1674 1284 ·
1689 1265 1728 1294 ἔτι
1738 1266 1790 1305 γὰρ

1022 1306 1085 1334 αὐτὸ
1101 1310 1175 1337 τοῦτο
1191 1308 1310 1347 ἀκέραιον
1333 1309 1404 1347 μένει
1426 1309 1500 1348 παρὰ
1521 1313 1559 1350 τῷ
1574 1311 1656 1351 ἀνδρί.
1670 1311 1738 1341 Ἀλλ’
1757 1313 1787 1341 οὔ

1021 1354 1066 1380 τοῦ
1084 1353 1174 1392 ἀνδρὸς
1188 1356 1271 1382 ταῦτα
1287 1354 1319 1383 τὰ
1335 1355 1526 1394 κατορθώματα
1537 1380 1544 1392 ,
1558 1357 1626 1386 ἀλλὰ
1639 1361 1685 1387 τοῦ
1699 1359 1769 1387 Θεοῦ
1779 1370 1786 1376 ·

1022 1398 1060 1427 διὸ
1073 1399 1117 1427 καὶ
1131 1399 1260 1439 ἐπήγαγε,
1272 1401 1315 1429 Τὰ
1327 1400 1354 1429 δὲ
1368 1401 1454 1431 πάντα
1465 1403 1495 1431 ἔκ
1509 1406 1554 1431 τοῦ
1564 1404 1644 1432 Θεοῦ.
1658 1405 1691 1433 Εἰ
1702 1404 1786 1433 τοίνυν

1020 1448 1065 1473 τοῦ
1079 1446 1148 1474 Θεοῦ
1161 1446 1193 1473 τὰ
1207 1446 1294 1474 πάντα
1303 1469 1309 1481 ,
1326 1447 1401 1480 αὐτὸς
1416 1447 1442 1476 δὲ
1463 1448 1563 1478 κελεύει
1582 1452 1665 1478 ταῦτα
1674 1473 1682 1486 ,
1696 1450 1788 1479 πείθου

1021 1488 1066 1516 καὶ
1077 1489 1113 1527 μὴ
1126 1489 1251 1528 ἀντίλεγε.
1262 1489 1308 1519 Ἐν
1320 1493 1379 1529 ὑμῖν
1392 1492 1477 1523 αὐτοῖς
1491 1491 1610 1531 κρίνατε,
1621 1492 1721 1532 πρέπον
1730 1494 1785 1522 ἐστὶ

1021 1539 1133 1573 γυναῖκα
1151 1536 1368 1565 ἀκατακάλυπτον
1382 1539 1420 1576 τῷ
1432 1539 1494 1576 Θεῷ
1506 1538 1713 1578 προσεύχεσθαι,
1725 1541 1786 1569 Πά-

1021 1581 1061 1608 λιν
1077 1581 1167 1614 αὐτοὺς
1179 1582 1277 1615 καθίζει
1291 1583 1415 1615 δικαστὰς
1430 1585 1482 1612 τῶν
1497 1584 1652 1623 λεγομένων,
1662 1585 1727 1625 ὅπερ
1741 1586 1786 1615 καὶ

1022 1627 1065 1655 ἐπὶ
1078 1629 1129 1655 τῶν
1152 1628 1327 1657 εἰδωλοθύτων
1348 1628 1454 1664 ἐποίησε
1463 1640 1469 1646 ·
1490 1630 1535 1658 καὶ
1553 1630 1604 1669 γὰρ
1629 1632 1682 1660 ἐκεῖ
1707 1643 1786 1671 φησι,

1021 1672 1136 1712 Κρίνατε
1146 1674 1219 1711 ὑμεῖς
1241 1674 1257 1703 ὅ
1273 1686 1354 1713 φημι·
1368 1675 1413 1703 καὶ
1428 1677 1550 1712 ἐνταῦθα,
1565 1675 1612 1705 Ἐν
1626 1678 1686 1715 ὑμῖν
1701 1679 1787 1711 αὐτοῖς

1023 1718 1127 1758 κρίνατε
1139 1731 1145 1736 ·
1165 1719 1210 1748 καί
1224 1732 1250 1748 τι
1264 1720 1439 1761 φοίερώτερον
1448 1721 1589 1751 αἰνίττεται
1603 1724 1712 1752 ἐνταῦθα
1721 1735 1728 1742 ·
1740 1724 1788 1760 τὴν

1023 1765 1073 1804 γὰρ
1084 1765 1157 1804 ῧῧριν
1170 1767 1279 1795 ἐνταῦθα
1293 1769 1329 1799 εἷς
1342 1768 1385 1796 τὸν
1397 1768 1465 1797 Θεόν
1474 1780 1538 1808 φησι
1552 1768 1702 1800 διαὸαίνειν.
1718 1769 1787 1799 Ἀλλ’

1023 1810 1092 1838 οὕτω
1107 1811 1153 1849 μὲν
1168 1811 1196 1840 οὔ
1210 1823 1297 1850 φησιν,
1309 1813 1474 1852 ἡμερώτερον
1491 1814 1519 1843 δέ
1531 1826 1588 1846 πως
1603 1814 1647 1843 καὶ
1660 1816 1787 1854 αἰνιγμα-

1022 1857 1179 1895 τωδέστερον
1193 1857 1275 1896 λέγων
1285 1870 1291 1876 ·
1307 1859 1413 1898 Πρέπον
1425 1859 1481 1888 ἐστὶ
1493 1865 1605 1898 γυναῖκα
1619 1861 1786 1890 ἀκατακάλυ-

1021 1914 1084 1931 πτον
1103 1905 1141 1942 τῷ
1156 1904 1218 1943 Θεῷ
1232 1904 1439 1943 προσεύχεσθαις
1459 1904 1497 1934 Ἢ
1520 1905 1577 1934 οὐδὲ
1601 1906 1665 1942 αὐτὴ
1680 1910 1698 1942 ἡ
1712 1908 1787 1947 φύσις
1825 1931 1829 1940 .

1021 1949 1089 1986 ὑμᾶς
1113 1949 1244 1984 διδάσκει,
1267 1949 1307 1978 ὅτι
1336 1950 1401 1989 ἀνὴρ
1431 1950 1478 1989 μὲν
1506 1951 1551 1980 ἐὰν
1580 1958 1667 1992 κομᾷ,
1694 1954 1787 1992 ἀτιμία

1021 1997 1090 2033 αὐτῷ
1106 1996 1161 2024 ἐστι
1173 2007 1179 2013 ·
1193 1995 1256 2034 γυνὴ
1274 1996 1300 2024 δὲ
1324 1996 1368 2026 ἐὰν
1391 2003 1471 2036 κομᾷ,
1490 1998 1551 2031 δόξα
1566 1999 1631 2038 αὖτ-’ῇ
1652 2001 1724 2036 ἕστι;
1747 2000 1787 2030 ὅτι

1019 2043 1035 2075 ἡ
1061 2040 1130 2078 κόμη
1154 2042 1210 2069 ἀντὶ
1230 2041 1396 2080 περιὸολαίου
1423 2043 1524 2073 δέδοται
1541 2046 1619 2083 αὐτῇ.
1631 2045 1721 2085 ”Οπερ
1745 2047 1787 2076 ἀεὶ

232 2091 286 2119 lier
303 2101 375 2119 vero
390 2091 420 2129 {si
444 2101 556 2119 comam
578 2093 698 2127 nutriat,
710 2092 805 2131 gloria
828 2099 870 2121 est
896 2093 941 2122 illi
954 2096 1011 2121 ms
1020 2090 1104 2121 ποιεῖ,
1125 2087 1225 2121 κοινοὺς
1246 2087 1385 2126 λογισμοὺς
1406 2089 1500 2125 τιθεὶς,
1523 2094 1598 2120 τοῦτο
1615 2091 1660 2120 καὶ
1676 2094 1787 2122 ἐνταῦθα

231 2140 370 2176 quoniam
391 2137 492 2176 capilli
513 2147 566 2175 pro
594 2138 740 2166 ‘velamine
757 2141 785 2166 ei
806 2140 869 2168 dati
890 2147 966 2169 sunt.
984 2134 1003 2153 A
1020 2132 1168 2171 ἕΡΥᾶζὲ-ῒαῑ,
1183 2134 1226 2162 ἐπὶ
1240 2133 1287 2169 Τὴν
1301 2133 1388 2169 χῡῑνῆν
1400 2135 1535 2170 συνήθειαν
1549 2137 1730 2176 καταφεύγων,
1739 2138 1785 2167 καὶ

231 2183 313 2218 Quod
326 2194 429 2222 semper
439 2183 511 2219 facit,
527 2184 678 2212 communia
699 2195 798 2223 ponens
817 2186 966 2224 ratiocinia,

232 2230 282 2258 hoc
297 2236 322 2257 ct
335 2229 378 2257 hie
393 2239 498 2268 quoque
511 2229 584 2266 facit,
596 2228 629 2257 ad
643 2230 783 2268 vidgarem
797 2232 968 2260 consuetudi-

232 2285 292 2302 nem
307 2274 477 2312 confugiens,
488 2280 515 2301 et
529 2272 674 2302 admodum
694 2273 797 2313 pudore
813 2276 967 2305 suffundens

232 2330 284 2355 cos,
298 2319 344 2357 qui
357 2326 509 2358 exspectant
523 2319 557 2347 ab
569 2319 616 2347 illo
631 2319 759 2356 ediscere,
776 2331 833 2358 quae
845 2331 878 2349 ex
892 2332 967 2350 com—

233 2365 305 2394 muni
319 2365 509 2400 consuetudine
528 2372 638 2404 possunt
652 2365 733 2394 edisci
745 2366 814 2395 :hcec
827 2368 926 2407 quippe
942 2376 967 2397 et

231 2412 330 2440 similia
345 2422 378 2440 ne
390 2412 512 2440 barbaris
525 2411 635 2449 quidem
657 2411 746 2450 ignota
760 2420 831 2441 sunt.
849 2413 884 2442 Et
905 2414 967 2444 vide

231 2457 363 2496 quomodo
378 2458 475 2497 ubique
486 2458 591 2487 acribus
602 2465 692 2487 utatur
701 2458 798 2488 verbis.
807 2460 907 2490 Omnis
918 2464 967 2490 vir

1021 2178 1118 2217 σςρόδρα
1138 2179 1268 2218 ἐντρέπων
1284 2179 1344 2213 τοὺς
1359 2180 1535 2218 ἀναμένοντας
1548 2185 1631 2211 ταῦτα
1645 2183 1784 2221 μανθάνειν

1020 2225 1082 2262 παρ’
1108 2225 1194 2261 αὐτοῦ,
1213 2224 1229 2253 ἃ
1245 2225 1290 2253 καὶ
1312 2225 1364 2254 ἀπὸ
1379 2228 1425 2261 τῆς
1444 2228 1533 2262 κοινῆς
1546 2228 1682 2262 συνηθείας
1709 2229 1785 2258 δυνα-

1019 2270 1062 2298 τὸν
1075 2266 1133 2307 [ἦν]
1145 2270 1281 2308 μανθάνειν
1291 2283 1296 2288 ·
1313 2272 1346 2300 τὰ
1362 2272 1413 2311 γὰρ
1426 2276 1550 2309 τοιαῦτα,
1565 2273 1624 2302 οὔτε
1640 2274 1782 2315 βαρὸάροις

1020 2316 1148 2354 ἄγνωστα.
1161 2317 1213 2345 Καὶ
1224 2318 1272 2356 ὅρα
1289 2319 1345 2349 πῶς
1362 2322 1498 2357 πανταχοῦ
1517 2320 1669 2354 πληκτικῶς
1689 2320 1783 2360 κέχρη-

1019 2374 1062 2390 ται
1074 2367 1131 2394 ταῖς
1142 2362 1241 2396 λέξεσι·
1258 2365 1316 2396 Πᾶς
1329 2363 1395 2403 ἀνὴρ
1409 2364 1617 2404 προσευχόμενος
1631 2367 1785 2397 κατακαλύ-

1018 2424 1090 2441 πτων
1105 2415 1182 2442 αὑτοῦ
1205 2413 1252 2448 τὴν
1270 2413 1395 2453 κεφαλὴν,
1411 2415 1579 2454 ›carmes-6222
1599 2416 1646 2452 τὴν
1665 2417 1781 2457 κεφαλὴν

1021 2465 1096 2491 αὖτοῧ
1106 2476 1111 2480 ·
1126 2463 1170 2491 καὶ
1183 2464 1272 2501 πάλιν,
1287 2465 1320 2493 Εἴ
1340 2463 1367 2493 δὲ
1381 2466 1489 2504 αἷσγρὸν
1501 2467 1604 2504 γυναικὶ
1618 2467 1749 2507 κείρεσθαι
1763 2468 1780 2503 ἢ
