1891 2866
95 748 114 761 ι.
132 741 191 762 Tim.

89 772 112 794 8Δ

207 741 229 763 6.

123 872 230 899 Diogenes

87 903 189 932 Cynicus,

96 1618 157 1637 Vana
195 1616 239 1643 glo-

93 1657 124 1670 ria
133 1655 186 1670 saera
194 1647 238 1668 bel-

96 1680 141 1701 lua.

237 192 304 225 582
575 200 603 223 s.
633 201 771 223 suffixis
798 198 978 223 cunrsosr.

235 275 294 302 qua·
309 263 442 291 dabantur
457 262 631 301 accipiebant,
645 268 669 290 ct
686 261 881 290 distribuebant
898 269 976 297 egen—

238 311 310 339 tibus
322 321 382 339 cum
396 317 467 338 tanta
480 308 648 345 liberalitate,
661 315 691 336 ut
706 308 785 336 etiam
800 308 825 336 in
838 308 906 335 same
920 316 976 344 per-

238 364 315 396 petua
330 356 463 394 degerent.
478 355 506 383 Si
522 361 610 392 autem
632 354 744 393 gloriam
766 359 906 383 amassent,
923 360 974 379 non

238 403 289 430 hoc
304 402 432 435 fecissent,
448 411 542 439 nempe
563 407 593 428 ut
612 399 759 439 acciperent
780 406 804 427 ct
827 397 975 426 distribue-

238 455 306 482 rent,
322 448 442 476 timentes
459 456 492 474 ne
505 453 594 474 comm
612 446 683 484 ipsos
696 445 783 483 aliqua
799 444 865 472 soret
885 441 975 480 suspi-

240 494 291 523 cio.
309 494 377 522 Nam
393 492 438 531 qui
454 502 501 520 sua
517 491 610 530 abjicit
624 498 731 530 propter
745 490 869 528 glorium,
890 487 976 515 multo

239 538 325 577 magis
337 549 388 567 non
402 538 513 577 accipiet
524 548 552 564 ea
563 547 621 574 quae
633 542 694 564 suut
707 535 830 568 aliorum,
841 544 873 561 ne
883 531 976 560 videa—

239 591 285 612 tur
298 594 372 623 egere
386 583 456 619 aliis,
479 593 564 620 neque
578 582 666 610 veniat
678 581 704 609 in
719 580 906 619 suspicionem.
922 577 977 606 Hos

239 636 327 658 autem
342 629 418 658 vides
436 636 461 657 et
483 628 660 656 ministrantes
678 633 702 654 et
716 625 910 654 emendicantes
931 634 978 662 pro

240 675 377 715 egentibus
389 687 395 701 τ
420 674 485 702 adeo
499 680 572 702 crant
586 673 665 701 etiam
678 672 800 711 patribus
814 670 979 709 quibuslibet

241 722 407 750 amantiores.
425 720 496 749 Vide
509 727 596 748 autern
612 730 703 747 eorum
718 728 822 756 quoque
835 717 906 756 leges
922 727 979 744 mo-
994 718 1014 742 E

240 768 355 803 demtus,
365 774 391 795 et
400 767 433 795 ab
445 766 517 794 inani
527 765 610 804 gloria
620 765 726 793 liberas.
739 765 887 792 Habentes
897 762 979 798 enim,

240 814 338 852 inquit,
359 815 534 841 vestimenta
555 818 581 840 et
604 812 756 845 alimenta,
781 811 826 839 his
850 811 980 838 contenti

241 863 362 889 erimus:
379 869 431 887 non
445 858 513 886 sicut
524 858 568 886 ille
583 858 724 896 Sinopeus,
736 856 782 894 qui
799 855 893 895 pannis
906 854 980 883 obsi-

240 914 283 935 tus
293 913 318 935 et
331 906 433 934 dolium
447 905 580 939 babitans,
593 915 654 933 cum
666 903 735 931 nihil
746 910 811 931 esset
822 913 898 942 opus,
910 901 982 930 mul-

240 960 280 981 tos
289 952 399 991 quidem
410 950 559 990 stupefecit,
574 950 641 978 nulli
655 956 742 978 autem
754 949 863 989 profuit.
880 948 982 977 Paulus

240 1006 328 1027 autem
347 998 417 1027 nibil
431 998 527 1026 horum
541 997 670 1026 faciebat:
688 1006 774 1034 neque
792 995 862 1024 enim
878 1001 980 1034 specta-

240 1046 286 1073 bat
300 1044 472 1073 ambitionem
486 1050 509 1072 et
524 1043 632 1071 honoris
645 1041 820 1076 desiderium,
836 1041 883 1070 sed
899 1048 924 1069 et
936 1040 981 1068 de-

243 1101 303 1119 core
317 1089 478 1119 induebatur
492 1089 620 1124 vestibus,
632 1095 656 1116 et
670 1087 744 1116 domi
759 1087 865 1115 assidue
876 1086 982 1115 habita-

240 1137 297 1171 bat,
322 1146 400 1174 seque
426 1135 505 1174 plane
527 1135 673 1174 perfectum
694 1132 849 1162 ostendebat
874 1132 902 1161 in
926 1132 979 1160 alia

241 1183 314 1211 omni
332 1182 450 1210 virtute:
466 1181 539 1219 quod
557 1180 720 1220 despiciebat
735 1179 862 1218 Cynicus,
883 1181 978 1207 intem-

241 1235 362 1267 peranter
376 1227 469 1256 vivens
487 1233 512 1254 et
531 1227 619 1266 palam
638 1226 761 1254 indecore
782 1236 810 1253 se
825 1235 926 1264 gerens,
947 1224 982 1252 ab

243 1275 316 1303 inani
332 1274 416 1312 gloria
435 1273 569 1312 abreptus.
585 1273 615 1301 Si
630 1273 690 1310 quis
710 1271 780 1299 enim
800 1277 874 1309 roget
893 1281 942 1298 cur
958 1270 984 1297 iu

241 1321 314 1350 dolio
328 1320 502 1357 habitaverit,
522 1319 625 1348 nullam
640 1318 720 1347 aliam
735 1328 842 1346 causam
864 1316 983 1345 inveniet

243 1378 324 1406 quam
338 1377 434 1395 vanam
448 1366 572 1405 gloriam.

285 1415 312 1443 5.
334 1414 434 1443 Paulus
448 1420 537 1441 autem
550 1412 630 1440 etiam
651 1411 773 1445 domum,
790 1422 871 1450 quam
893 1412 984 1440 Romae

1007 197 1162 219 Auenti-21).

1192 194 1446 218 CONSTANTINOP
1455 208 1461 214 .

1030 260 1098 286 σθαι.
1115 257 1229 288 Τούτους
1243 255 1270 283 δὲ
1286 257 1347 295 ὁρᾷς
1362 254 1406 283 καὶ
1422 252 1632 291 διακονουμένους
1655 254 1699 282 καὶ
1713 264 1797 292 προσ-

1031 306 1166 334 αιτοῦντας
1180 301 1271 333 αὐτοὺς
1283 301 1350 339 ὑπὲρ
1369 302 1422 328 τῶν
1437 299 1564 337 δεομένων
1574 311 1580 316 “
1593 299 1659 327 οὕτω
1678 301 1797 338 πατέρων

1030 344 1096 382 ἦσαν
1112 347 1219 376 πάντων
1243 346 1477 385 φιλοστοργότεροι.
1491 344 1547 374 Θέα
1570 344 1596 373 δὲ
1618 344 1662 373 καὶ
1680 344 1739 376 τοὺς
1753 344 1799 372 νό-

1033 405 1096 431 μους
1111 394 1195 422 αὐτῶν
1211 392 1389 430 συμμέτρους,
1404 392 1448 419 καὶ
1463 389 1606 423 κενοδοξίας
1628 389 1800 427 ἀπηλλαγμέ-

1029 451 1095 471 νους.
1112 438 1237 478 Ἔχοντες
1248 438 1315 477 γὰρ,
1333 438 1396 477 φησὶ
1406 460 1413 472 ‚
1429 437 1607 474 σκεπάσματα
1621 436 1666 464 καὶ
1686 435 1782 475 τροφὰς
1793 459 1800 471 ,

1030 485 1128 517 τούτοις
1154 483 1386 523 ἀρκεσθησόμεοα”
1419 485 1446 512 οὗ
1467 482 1606 523 ι’καθάπερ
1628 485 1642 511 ὁ
1667 481 1800 514 Σινωπεὺς

1030 533 1126 564 ἐκεῖνος
1139 533 1153 559 ὃ
1168 530 1246 570 ῥάκια
1259 529 1482 570 περιῧεὸλημένος
1503 529 1547 557 καὶ
1568 528 1643 557 πίθον
1664 530 1742 557 οἰκῶν
1764 529 1800 560 εἷς

1030 577 1102 606 οὐδὲν
1129 577 1195 612 δέον,
1220 576 1342 612 ἐξέπληξε
1366 576 1413 614 μὲν
1434 575 1561 610 πολλοὺς,
1575 575 1695 614 ὠφέλησε
1714 573 1742 603 δὲ
1761 575 1802 602 οὖ-

1031 623 1100 651 ὃένα.
1112 622 1146 651 ‘O
1165 622 1192 651 δὲ
1217 623 1322 654 Παυλος
1342 634 1440 650 τουτων
1463 620 1510 659 μὲν
1537 620 1607 649 οὐδὲν
1629 619 1728 648 ἐποίει
1743 619 1801 649 οὐδὲ

1031 668 1119 707 72:9⁷-

1032 715 1062 744 δέ
1052 715 1146 749 -ολητο
1162 714 1229 752 μετὰ
1239 713 1438 753 εὐσχημοσύνης
1448 712 1569 748 ἁπάσης,
1585 711 1630 740 καὶ
1643 711 1727 740 οἰκίαν
1739 710 1802 749 ᾤκει

1110 669 1163 707 pb<
1180 667 1330 707 φιλοτιμίαν
1348 667 1394 696 ἔὸλ
1396 679 1465 701 επεν,
1481 666 1549 696 ἀλλὰ
1563 678 1608 694 και
1621 665 1716 704 ιμάτια
1731 676 1802 703 περι-

1032 763 1171 795 διηνεκως,
1185 761 1230 789 καὶ
1243 760 1291 795 τὴν
1315 759 1449 799 ἀκρίέειαν
1469 759 1574 787 ἅπασαν
1594 758 1638 786 ἐπι
1652 759 1700 791 τῆς
1721 756 1803 791 ἄλλης

1033 809 1127 846 ἀρετης
1151 808 1184 835 ἐπ
1186 807 1332 841 εοείκνυτο,
1350 809 1382 840 ἧς
1407 807 1420 834 ὁ
1445 804 1555 838 Κυνικὸς
1579 803 1730 843 κατεφρόνει
1752 804 1803 836 ζων

1033 855 1150 892 ἀσελγῶς
1159 876 1166 889 ,
1180 853 1224 881 καὶ
1237 852 1352 891 δημοσίᾳ
1374 853 1543 891 ἀσχημονῶν,
1556 849 1601 879 καὶ
1615 849 1665 879 ὑπὸ
1681 860 1729 884 της
1742 847 1803 886 περὶ

1033 899 1081 934 τὴν
1098 899 1172 933 δόξαν
1187 899 1281 937 μανίας
1297 898 1445 938 συρόμενος.
1460 896 1506 926 Ἂν
1527 896 1579 936 γὰρ
1594 895 1686 937 ἔρηταί
1703 906 1743 927 τις
1755 897 1803 929 τῆς

1033 948 1078 974 τοῦ
1093 945 1168 974 πίθου
1189 945 1316 980 οἰκήσεως
1330 943 1378 978 τὴν
1398 942 1493 978 αἰτίαν,
1515 941 1634 981 οὐδεμίαν
1655 940 1745 972 ἑτέραν
1759 941 1802 969 εὖ·

1036 991 1110 1030 ρήσει
1122 1015 1127 1027 ,
1143 992 1200 1020 ἀλλ’
1214 990 1232 1025 ἢ
1243 989 1388 1023 κενοδοξίαν
1403 989 1494 1027 μόνην.

1081 1411 1114 1440 Ὁ
1129 1411 1156 1440 δὲ
1171 1411 1277 1442 Παυλος
1292 1421 1336 1438 και
1357 1409 1449 1447 μισθὸν
1470 1412 1582 1448 παρεῖχε
1600 1420 1648 1443 της
1663 1408 1758 1443 οἰκίας,
1780 1409 1808 1436 ἐν

246 1460 388 1494 incolebat,
417 1458 537 1487 mercede
571 1457 711 1486 conduxit.
744 1457 915 1495 Quamquam
939 1452 1058 1501 (μήδ’-’δῇ
1073 1457 1214 1494 κατέμενεν
1227 1457 1252 1484 ἐν
1267 1457 1299 1494 τῇ
1314 1454 1419 1493 Ρώμῃ
1432 1454 1525 1484 Καίτοι
1539 1466 1568 1493 γε
1582 1456 1595 1483 ὁ
1609 1454 1643 1483 τὰ
1654 1455 1744 1494 πολὶῷ
1765 1455 1807 1482 εὐ-

245 1507 324 1545 longe
339 1506 446 1534 fortiora
462 1511 576 1544 poterat,
589 1503 674 1532 multo
688 1503 774 1542 magis
787 1503 838 1531 hoc
849 1502 987 1542 potuisset.

248 1552 301 1581 Sed
318 1562 370 1580 non
385 1550 531 1590 aspiciebat
551 1549 586 1578 ad
601 1549 724 1587 gloriam,
739 1559 838 1577 saevam
858 1548 987 1582 belluam,

249 1597 416 1626 horrendum
429 1595 586 1631 daemonem,
601 1601 701 1634 pestem
717 1593 790 1622 orbis
800 1601 887 1629 terrae,
909 1604 988 1622 vene-

249 1651 339 1673 natam
359 1643 490 1682 viperam.
511 1641 587 1671 Sicut
609 1640 680 1669 enim
698 1639 745 1669 illa
766 1640 849 1669 bestia
866 1639 990 1668 dentibus

250 1698 356 1718 uterum
366 1688 459 1717 matris
469 1686 609 1726 discerpit,
622 1686 658 1714 ita
671 1686 752 1714 etiam
765 1685 820 1714 hoc
836 1685 933 1713 vitium
945 1695 992 1724 pa-

249 1743 350 1765 rentem
364 1735 501 1763 dilacerat.
515 1733 656 1762 Undenam
671 1742 733 1771 ergo
752 1731 827 1760 vario
840 1731 905 1759 huic
921 1741 991 1759 mor-

249 1783 284 1811 bo
307 1781 439 1810 inveneris
458 1778 703 1808 medicamentum?
719 1778 749 1807 Si
770 1788 814 1805 eos
834 1777 881 1816 qui
902 1777 991 1816 ipsum

251 1826 439 1856 conculcarunt
451 1825 477 1854 in
493 1824 611 1853 medium
622 1823 777 1859 adduxeris,
794 1829 818 1851 et
835 1822 870 1851 ad
883 1822 992 1851 illorum

252 1873 394 1912 imaginem
407 1871 560 1911 respiciens,
574 1870 613 1898 sic
627 1870 710 1898 vitam
727 1869 917 1908 composueris.
936 1869 991 1896 Pa-

252 1918 368 1947 triarcba
393 1917 464 1946 enim
486 1915 640 1953 Abrabam3
664 1914 709 1943 sed
735 1925 812 1943 nemo
836 1914 902 1942 mibi
926 1913 993 1942 vitio

253 1971 340 1993 vertat
353 1963 471 2003 ejusdem
481 1963 518 1991 rei
533 1961 726 2001 repetitionem,
739 1961 761 1990 si
772 1972 842 2000 saepe
853 1961 909 2000 ejus
924 1967 949 1989 et
963 1959 991 1988 in
1012 1974 1028 1996 B

252 2010 377 2040 omnihus
400 2008 578 2037 meminimus.
597 2007 653 2035 Hoc
673 2007 744 2035 enim
766 2013 805 2035 est
825 2005 898 2044 quod
916 2006 994 2034 illum

253 2067 359 2096 quoque
378 2054 468 2083 reddit
484 2054 601 2082 maxime
618 2052 816 2090 admirabilem,
836 2059 862 2080 et
882 2063 926 2080 eos
948 2052 996 2090 qui

254 2114 308 2132 non
332 2102 422 2142 ipsum
436 2100 604 2135 aemulantur,
626 2099 698 2127 omni
712 2099 803 2138 privat
820 2098 910 2127 venia.
927 2099 995 2127 Nam

255 2149 277 2177 si
293 2158 354 2177 eum
363 2146 471 2186 quidem
482 2145 509 2173 in
523 2151 598 2184 parte
607 2145 711 2182 aliqua,
724 2144 752 2172 in
767 2144 820 2172 alia
832 2150 921 2172 autem
934 2154 996 2183 par-

254 2202 280 2223 te
297 2194 382 2222 alium
401 2203 428 2221 se
450 2197 519 2220 recte
539 2190 648 2229 gessisse
667 2189 870 2226 ostenderimus,
897 2189 998 2218 dixerit

255 2239 351 2278 aliquis
365 2237 476 2266 difficile
487 2247 541 2265 esse
559 2235 664 2263 virtutis
678 2235 852 2273 exercitium5
875 2246 927 2264 non
942 2246 997 2264 esse

256 2287 328 2315 enim
350 2285 429 2313 facile
450 2283 538 2312 omnia
558 2281 639 2310 simul
662 2288 732 2309 recte
751 2291 853 2319 gerere,
879 2292 994 2320 quorum

256 2340 358 2373 partem
373 2337 523 2360 sanctorum
537 2327 636 2366 singuli
654 2334 807 2366 gesserunt:
829 2338 889 2356 cum
905 2334 994 2357 autem

256 2379 408 2408 inveniatur
429 2387 497 2404 unus
514 2382 540 2403 et
560 2374 633 2403 idem
651 2373 740 2402 omnia
761 2373 892 2411 obtinere,
914 2385 994 2413 quam

258 2426 395 2455 habebunt
412 2423 609 2453 exeusationem
631 2420 678 2460 qui
699 2428 758 2460 post
780 2421 866 2459 legem
883 2428 908 2450 et
930 2432 995 2461 gra-

290 2518 301 2535 h
321 2516 381 2545 Quae
392 2513 433 2537 hic
446 2511 476 2536 de
487 2512 594 2543 Diogene.
606 2508 702 2543 Cynico
715 2509 836 2542 feruntur,
850 2510 917 2543 apud
929 2511 1015 2543 Dioge-

258 2564 312 2580 nem
332 2554 456 2578 Laeuii-m
475 2557 498 2575 ct
519 2551 639 2574 sexcentis
658 2551 682 2574 in
699 2549 751 2573 aliis
771 2556 878 2574 ieterum
897 2550 956 2576 loris
970 2551 1013 2576 liu-

257 2596 356 2620 buntur.

1041 1503 1123 1532 τονώτ
1114 1515 1172 1542 ερα
1187 1502 1318 1537 δυνηθείς,
1332 1502 1422 1530 πολλῶ
1439 1501 1538 1538 μᾶλλον
1557 1504 1632 1530 τοῦτο
1644 1500 1750 1540 ἴσχυσεν
1766 1501 1808 1529 ἄν.

1041 1550 1110 1578 Ἀλλ’
1127 1551 1177 1588 οὐχ
1191 1548 1260 1587 ἑώρα
1279 1547 1343 1585 πρὸς
1357 1547 1446 1581 οόξαν,
1467 1547 1495 1575 τὸ
1509 1547 1624 1586 χαλεπὸν
1645 1547 1749 1586 θηρίον,
1763 1547 1808 1575 τὸν

1043 1595 1155 1634 δαίμονα
1169 1594 1213 1623 τὸν
1238 1594 1317 1622 δεινὸν
1327 1616 1335 1629 ,
1355 1593 1403 1628 τὴν
1421 1593 1505 1631 λύμην
1520 1596 1566 1628 τ’ἧς
1580 1593 1747 1631 οἰκουμένης,
1759 1592 1808 1628 τὴν

1044 1642 1099 1681 ἔχιν
1113 1641 1160 1675 τὴν
1184 1640 1294 1669 ἷοὸόλον.
1313 1640 1438 1678 Καθάπερ
1452 1640 1502 1678 γὰρ
1517 1639 1547 1668 τὸ
1561 1638 1649 1679 θηρίον
1665 1641 1747 1669 ἐκεῖνο
1759 1638 1808 1675 τὴν

1045 1686 1122 1723 νηδὺν
1139 1689 1186 1721 τῆς
1205 1685 1330 1721 τεκούσης
1342 1685 1509 1725 διαρρήγνυσι
1522 1688 1593 1718 ’τοῖς
1609 1687 1726 1722 ὀδοῦσιν,
1741 1685 1811 1714 οὕτω

1045 1734 1090 1762 καὶ
1104 1736 1180 1762 τοῦτο
1193 1732 1222 1761 τὸ
1234 1732 1313 1764 πάθος
1328 1731 1372 1760 τὸν
1383 1732 1504 1760 τίκτοντα
1515 1731 1712 1771 διασπαράττει.
1726 1732 1811 1761 Πόθεν

1046 1777 1089 1809 οἶν
1102 1780 1132 1808 ἄν
1147 1791 1186 1811 τις
1200 1778 1272 1817 εὕροι
1284 1780 1322 1818 τῷ
1337 1777 1449 1817 ποικίλῳ
1463 1777 1545 1816 τούτῳ
1558 1778 1687 1816 νοσήματι
1704 1777 1811 1817 φάρμα-

1047 1839 1110 1861 κον;
1126 1827 1159 1854 Εἰ
1182 1825 1241 1858 τοὺς
1259 1824 1499 1858 καταπατῆσαντας
1519 1824 1581 1861 αὐτὸ
1597 1825 1632 1857 εἷς
1647 1823 1726 1862 μέσον
1742 1824 1810 1863 ἀγά-

1047 1884 1103 1911 γοι,
1116 1871 1160 1900 καὶ
1173 1871 1237 1910 πρὸς
1256 1870 1303 1905 τὴν
1320 1870 1424 1898 ἐκείνων
1445 1869 1531 1898 εἰκόνα
1547 1869 1667 1907 βλέπων,
1682 1869 1750 1898 οὕτω
1762 1868 1811 1903 τὴν

1047 1921 1140 1947 ἑαυτοῦ
1164 1916 1232 1951 ζωην
1261 1915 1432 1944 κατευθύνειε.
1460 1916 1511 1943 Και
1535 1915 1586 1956 κὰρ
1609 1917 1623 1944 ὁ
1645 1915 1812 1955 πατριάρχης

1048 1963 1185 2004 Ἀδραάμ·
1209 1962 1276 1991 ἀλλὰ
1304 1961 1394 1999 μηδεις
1417 1961 1561 1999 ἐγκαλείτω
1579 1973 1644 1990 ταυτ
1645 1961 1747 2000 ολογίαν
1756 1984 1764 1997 ,
1789 1963 1812 1990 εἷ

1048 2010 1175 2041 πολλάκις
1203 2011 1280 2038 αὐτοῦ
1307 2019 1422 2046 μνημονε
1425 2020 1518 2046 υομεν,
1547 2020 1592 2036 και
1622 2007 1666 2037 επὶ
1697 2007 1812 2037 πάντων.

1049 2058 1073 2085 Τ
1075 2059 1133 2085 οῧτο
1149 2055 1199 2094 γὰρ
1213 2054 1329 2093 μάλιστά
1342 2056 1411 2083 ἐστιν
1427 2054 1440 2083 ὃ
1455 2056 1572 2082 κάκεῖνον
1585 2054 1732 2092 θαυμαστὸν
1748 2056 1812 2083 ἀπο-

1049 2102 1134 2142 φαίνει
1143 2125 1150 2137 ,
1163 2101 1208 2130 καὶ
1222 2101 1279 2133 τοὺς
1296 2100 1332 2138 μὴ
1348 2102 1487 2135 ζηλοῦντας
1501 2100 1578 2128 αὐτὸν
1589 2100 1677 2135 πάσης
1697 2102 1812 2129 ἀποστε-

1052 2153 1089 2188 ρεῖ.
1108 2146 1272 2186 συγγνώμης.
1295 2147 1328 2175 E}
1349 2145 1395 2184 μὲν
1416 2145 1466 2184 γὰρ
1490 2146 1566 2185 μέρος
1587 2145 1634 2184 μέν
1652 2158 1678 2174 τι
1691 2145 1812 2181 ”ron-mv,

1051 2206 1128 2233 μ;ρος
1142 2193 1169 2222 δὲ
1183 2193 1268 2231 ἕτερον
1281 2191 1475 2231 κατωρθωκότα
1491 2191 1671 2231 ἐπιδείκνυμεν
1680 2213 1688 2226 ,
1700 2188 1800 2221 εἰπεν”
1782 2204 1813 2221 αν

1049 2252 1087 2272 τις
1099 2251 1143 2267 και
1157 2237 1367 2278 ὀυσκατόρθωτον
1382 2240 1448 2266 εἶναι
1461 2237 1509 2273 τὴν
1522 2238 1632 2277 ἀρετην·
1645 2238 1702 2267 οὐδὲ
1713 2238 1765 2278 γὰρ
1779 2249 1815 2266 ει-

1050 2298 1093 2314 ναι
1113 2285 1216 2314 εὔκολον
1241 2284 1278 2312 ἑνὶ
1304 2284 1390 2313 πάντα
1411 2286 1476 2321 ὁμου
1502 2287 1658 2324 κατορθοῦν,
1679 2287 1716 2312 ὧν
1739 2284 1815 2324 μέρος

1051 2332 1161 2364 ἕκαστος
1179 2343 1230 2359 των
1252 2330 1332 2368 ἁγίων
1347 2331 1458 2365 ἤνυσεν·
1479 2342 1541 2358 οταν
1561 2330 1588 2359 δὲ
1605 2331 1758 2371 εὑρίσκηται
1779 2327 1816 2363 εἷς

1050 2389 1095 2405 και
1109 2380 1122 2405 ὃ
1135 2377 1210 2410 αὐτὸς
1221 2376 1254 2405 τὰ
1265 2377 1353 2406 πάντα
1365 2376 1447 2415 ἔχων,
1460 2376 1536 2405 ποίαν
1550 2376 1648 2409 ἕξουσιν
1663 2377 1815 2416 ἀπολογίαν,

1051 2425 1075 2452 οἱ
1087 2423 1155 2461 μετὰ
1171 2423 1248 2461 νόμον
1263 2423 1310 2452 καὶ
1327 2423 1405 2462 χάριν
1420 2427 1472 2455 τοῖς
1487 2423 1538 2461 πρὸ
1553 2425 1598 2451 τοῦ
1613 2423 1692 2460 νόμου
1708 2423 1754 2452 καὶ
1768 2425 1815 2458 τῆς

1097 2520 1106 2530 ²
1125 2510 1175 2540 [A.
1195 2518 1239 2540 τοῖς
1258 2515 1333 2541 ὄνυξι-ι.
1355 2512 1396 2536 Sic
1411 2520 1508 2543 quoque
1537 2520 1614 2544 marg.
1636 2512 1723 2544 Snvil.‚
1746 2511 1811 2537 Edd-

1063 2551 1176 2575 Comme}
1199 2557 1224 2574 et
1237 2552 1373 2582 Interpres,
1392 2550 1523 2583 Ungulis]

1094 2592 1107 2609 ὓ
1126 2590 1133 2621 [
1146 2589 1223 2614 Iidem
1237 2595 1342 2621 τοῑοῖιτω,
1353 2603 1379 2622 μ-
1389 2593 1410 2615 ὖὲ
1423 2594 1454 2616 ἔτ»
1469 2592 1665 2624 ιατωρΰωιότας-]
