1891 2866
556 210 588 232 lx
613 208 718 232 EPtST.
748 208 770 229 1.
801 206 844 228 AD

79 270 197 310 ὀψόμεθα
212 271 245 300 τὰ
260 270 326 300 αὐτὰ
340 270 487 306 δεδοικότα,
502 271 547 300 καὶ
559 273 589 300 οὗ
607 270 746 309 δυνάμενον
762 271 842 298 καθα-

81 322 126 356 ρᾶς
135 316 274 345 ἀπολαύειν
290 317 391 351 ἡδονῆς.
409 317 459 346 Καὶ
471 316 521 356 γὰρ
533 317 577 346 καὶ
588 317 646 350 τοὺς
661 315 845 354 ἀδικουμένους

79 364 182 398 εννοῶν,
196 362 240 392 καὶ
250 375 309 395 <sue
323 364 404 391 σανα)
405 366 512 401 κοῧντας
528 366 629 399 αυτοῖς,
640 363 684 392 καὶ
700 362 746 398 τὴν
756 360 843 395 κοινὴν

77 409 200 438 ἁπάντων
213 420 272 448 περι
290 409 366 438 αὐτοῦ
377 411 473 448 hinov,
493 409 575 450 μυρία
594 409 699 448 κύματα
711 408 775 448 ἔχει
792 407 845 436 Καὶ

77 456 106 484 οὐ
119 457 195 483 τοῦτο
206 454 283 492 μόνον
297 467 351 484 εστι
361 455 390 484 τὸ
401 456 454 494 χαὶ
449 466 527 491 επον,
540 457 600 484 ἀλλ’
613 454 670 484 ουδὲ
682 466 728 489 ττς
743 452 844 492 ερωμέ-

77 512 123 536 νης
137 501 311 529 ἀπολαυσαι
298 500 412 530 οόναται.
426 502 548 534 Τοιοῦτος
559 501 609 541 γὰρ
625 503 639 530 ὃ
650 502 701 529 τῶν
717 498 844 540 φιλαργύ-

80 558 130 586 ρων
141 547 249 586 τρόπος·
260 548 309 586 οὐ]
319 547 362 576 ἵνα
374 548 442 576 ἀπο)
444 547 540 577 αύωσιν
552 548 667 587 ἔχουσιν,
682 546 740 576 ἀλλ’
753 545 796 575 ἵνα
809 544 845 583 μὴ

80 592 256 622 ἀπολαύωσιν.
271 594 305 622 Ei
320 593 346 622 δὲ
362 594 470 632 αἴνιγμά
483 605 524 623 σοι
535 598 610 624 τοῦτο
625 597 689 623 εἰναι
702 595 788 629 δοκεῖ,
802 591 846 620 καὶ

79 639 109 669 τὸ
128 640 169 668 ἔτι
188 639 279 669 τούτου
297 644 385 680 χεῖρον
400 641 444 669 καὶ
461 640 625 680 ἀπορώτερον
651 641 742 669 ἀκουε-
756 639 797 669 ὅτι
818 639 847 666 οὐ

41 700 46 706 ·
79 685 161 725 ταύτῃ
173 685 250 724 μόνον
261 686 414 726 ἐστέρηνται
428 689 475 722 τῆς
489 689 540 716 τῶν
549 688 629 716 ὄντων
641 688 746 723 ἡδονῆς,
756 687 793 726 τῷ
809 685 846 724 μὴ

79 734 180 772 τολμᾷν
196 733 284 766 αὖτοῑς
298 735 428 772 χρῆσθαι,
440 735 474 766 ὡς
488 733 639 773 βούλονται,
654 733 722 762 ἀλλὰ
742 732 788 761 καὶ
809 734 848 771 τῷ

81 779 214 817 μηδέποτε
244 780 330 808 αὐτῶν
352 779 534 817 ἐμπίπλασθαι
542 803 549 816 ,
577 780 635 808 ἀλλ’
661 782 686 809 ἐν
708 791 745 818 τῳ
770 779 848 817 Etlarv

81 828 147 854 εἶναι
168 826 307 861 ὃιηνεκως·
320 828 349 853 οὗ
366 825 392 854 τί
406 825 500 865 γένοιτ’
516 826 545 854 ἂν
566 825 767 865 χαλεπώτεροη
779 825 848 854 Α)λ’

81 871 131 910 οὐχ
140 871 182 899 ὁ
167 870 267 904 οίκαιος
281 874 394 905 τοιοῦτος
404 895 411 907 ,
427 871 495 900 ἀὶὶὰ
514 871 558 900 καὶ
573 872 670 911 τρόμου
691 883 736 899 και
758 870 849 909 μίσους

81 917 127 946 καὶ
141 917 220 957 φόὸου
236 917 281 946 καὶ
292 920 337 946 τοῦ
352 917 457 946 ἀνιάτου
468 917 558 946 τούτου
571 918 659 957 δίψους
670 917 848 952 ἀπήλλακται·

83 963 129 992 καὶ
145 963 234 1003 ὥσπερ
248 963 338 1003 ἐκείνῳ
362 963 457 996 πάντες
477 964 643 1002 ἓπαρῶνται,
664 963 732 992 οὕτω
753 963 850 994 πάντες

83 1009 166 1050 τούτῳ
187 1009 371 1048 συνεύχονται·
393 1009 438 1038 καὶ
458 1009 576 1048 καθάπερ
591 1011 686 1042 ἐκεῖνος
700 1008 791 1038 οὐδένα
805 1008 848 1037 κέ-

83 1068 178 1091 κτηται
200 1055 283 1096 φίλον,
297 1055 377 1089 οὕτως
390 1051 462 1089 οἶτος
484 1056 574 1085 οὐδένα
590 1056 691 1096 ἐχθρόν.
707 1055 743 1084 Τί
757 1055 851 1091 τοίνυν,

83 1102 180 1131 τούτων
195 1101 276 1135 οὕτως
293 1101 512 1141 ὡμολογημένων,
533 1101 550 1137 ἢ
573 1102 666 1135 κακίας
687 1102 852 1142 ἀηδέστερον,

84 1148 102 1184 ἢ
116 1150 210 1188 ἀρετῆς
229 1148 301 1184 ἥδιον
321 1148 415 1187 γένοιτ’
439 1148 484 1183 ἅν;
507 1149 606 1186 μᾶλλον
632 1148 658 1178 δὲ
671 1171 679 1185 ,
703 1148 752 1177 κᾶν
772 1148 853 1188 μυρία

85 1195 211 1234 εἴπωμεν,
227 1195 308 1228 οὐδεὶς
323 1195 380 1224 οὔτε
394 1194 495 1230 ἐκείνης
509 1195 556 1230 τὴν
570 1195 667 1231 λύπην,
682 1195 743 1224 οὔτε
756 1194 854 1229 ταύτης

84 1241 133 1278 τὴν
148 1242 243 1278 ἡδονὴν
254 1243 426 1282 παραστῆσαι
440 1241 577 1277 δυνήσεται
592 1242 675 1282 λόγῳ,
691 1242 739 1275 ἕως
758 1242 788 1270 ἂν
811 1242 856 1270 αὖ·

85 1291 133 1324 ’.ἧς
149 1288 348 1327 ἀπολαύσωμεν.
372 1288 441 1317 Τότε
463 1288 513 1328 γὰρ
537 1288 582 1317 καὶ
600 1289 753 1328 πικρότερον
774 1289 856 1327 χολῆς

87 1335 232 1374 εὑρήσομεν
243 1334 291 1370 τὴν
310 1334 415 1368 κακίαν,
430 1334 492 1363 ὅταν
513 1337 558 1363 τοῦ
572 1336 620 1369 τῆς
633 1336 727 1374 ἀρετ-’ῆς
742 1335 856 1372 ἀπογευ-

87 1381 195 1420 σώμεθα
218 1381 330 1419 μέλιτος.
341 1380 422 1410 Ἔστι
437 1380 485 1419 μὲν
505 1380 556 1420 γὰρ
581 1381 626 1410 καὶ
640 1384 684 1409 νῦν
706 1380 789 1416 ἀηδὴς
811 1379 857 1408 καὶ

88 1426 198 1468 φορτικὴ
214 1427 258 1456 καὶ
272 1426 404 1467 ἐπαχθὴς,
417 1427 463 1456 καὶ
480 1427 545 1466 πρὸς
558 1430 635 1456 τοῦτο
656 1426 715 1456 οὐδὲ
737 1426 810 1456 αὐτοὶ
833 1427 856 1456 οἳ

89 1473 272 1514 θεραπεύοντες
291 1473 371 1509 αὐτὴν
383 1476 549 1515 ἀντεροῧσιν·
562 1473 623 1502 ὅταν
644 1474 670 1503 δὲ
691 1475 771 1508 αὖςῆς
792 1475 858 1502 ἀπο-

90 1521 204 1558 στῶμεν,
216 1520 274 1548 τότε
297 1521 377 1556 αὐτῆς
400 1520 584 1560 ἀκριὸέστερον
611 1519 788 1558 αἰσθανόμεθα
806 1520 857 1547 τῶν

89 1566 192 1604 πικρῶν
215 1566 409 1605 ἐπιταγμάτων.
426 1568 458 1595 Εἰ
480 1567 507 1596 δὲ
531 1569 555 1596 οἱ
580 1566 672 1595 πολλοὶ
692 1566 756 1605 πρὸς
778 1565 857 1601 αὐτὴν

91 1612 229 1651 τρέχουσι,
243 1613 392 1651 θαυμαστὸν
403 1613 474 1642 οὐδέν
485 1625 491 1631 ·
509 1613 565 1642 ἐπεὶ
575 1613 620 1642 καὶ
631 1613 721 1645 παῖδες
732 1613 859 1646 πολλάκις

91 1659 126 1687 τὰ
135 1654 213 1693 ἧττον
231 1658 296 1693 ἡδέα
310 1659 428 1697 ἑλόμενοι
438 1682 445 1695 ,
461 1661 512 1688 τῶν
528 1659 652 1697 μειζόνως
669 1659 860 1698 εὖφραινόντων

93 1707 284 1745 καταφρονοῦσι
295 1716 301 1722 ·
317 1705 362 1734 καὶ
374 1707 397 1734 οἷ
409 1709 544 1739 νοσοῦντες
557 1705 623 1744 ὑπὲρ
637 1705 797 1745 προσκαίρου
811 1704 860 1744 χά-

94 1763 164 1791 ριτος
174 1753 222 1787 τὴν
234 1752 340 1787 διηνεκῆ
355 1751 400 1780 καὶ
413 1751 608 1791 ἀσφαλεστέραν
620 1751 778 1792 εὐφροσύνην
789 1750 861 1780 ἀπώ-

92 1801 181 1829 λεσαν.
193 1799 279 1828 Τοῦτο
300 1798 327 1827 δὲ
342 1800 388 1833 τῆς
403 1799 595 1839 τῶνέρώντων
614 1798 746 1832 ἀσθενείας
766 1810 794 1827 τε
816 1798 861 1827 καὶ

91 1845 180 1878 ἀνοίας
193 1845 273 1880 ἐστὶν,
285 1845 314 1873 οὗ
330 1857 376 1879 της
390 1846 441 1874 τῶν
456 1845 619 1885 πραγμάτων
643 1844 751 1884 φύσεως.
764 1844 798 1874 Ὁ
811 1844 862 1884 γὰρ

93 1893 151 1930 μεθ’
166 1892 260 1927 ἡδονῆς
275 1892 362 1927 ζῶν,
352 1902 366 1920 ο
381 1891 499 1932 ε’ναρετός
517 1893 597 1927 ἐστιν,
611 1893 624 1920 ὁ
641 1893 761 1920 πλουτῶν
781 1891 862 1923 ὄντως

93 1949 139 1966 και
157 1937 236 1971 ὅντως
251 1937 414 1978 ε’λεύθερος”
396 1950 441 1967 ων.
464 1939 497 1967 Εἰ
516 1937 544 1966 δέ
556 1949 595 1970 τις
608 1937 642 1966 τὰ
659 1936 706 1976 μὲν
718 1937 786 1966 ἄλλα
800 1949 862 1976 συγ-

94 1983 194 2024 χωροίη
213 1986 244 2023 τῇ
261 1985 357 2024 ἀρετῇ,
371 1983 528 2023 ἐλευθερίαν,
550 1983 648 2020 ἄδειαν,
668 1983 698 2012 τὸ
719 1984 861 2023 φροντίδων

96 2030 281 2070 ἀπηλλάχθαι,
295 2030 325 2059 τὸ
343 2030 444 2069 μηδένα
462 2030 620 2065 δεδοικέναι,
635 2030 665 2060 τὸ
680 2030 780 2070 μηδένα
794 2032 861 2060 ὓπο-

96 2075 209 2113 πτεύειν,
228 2075 275 2112 τὴν
297 2075 324 2105 δὲ
340 2076 434 2112 ἡδονὴν
451 2077 487 2116 μὴ
503 2077 666 2117 συγιωροίη,
684 2077 729 2106 καὶ
751 2078 862 2116 γελάσαι

98 2134 143 2160 μοι
155 2121 246 2151 λοιπον
260 2122 366 2162 δαψιλὲς
377 2123 507 2152 ἐνταυοα’
496 2123 645 2163 επέρχεται.
659 2123 695 2153 Τί
708 2123 759 2164 γὰρ
774 2123 861 2164 ἕτερόν

97 2170 167 2198 ἐστιν
188 2168 309 2205 ἡδονὴ,
295 2181 312 2204 η
326 2169 356 2198 τὸ
370 2168 502 2209 φροντίδος
526 2170 697 2211 ἀπηλλάχθαι
717 2171 761 2200 καὶ
781 2171 861 2211 φόίου

97 2214 142 2244 καὶ
153 2215 279 2253 ἀθυμίας,
291 2227 336 2244 και
349 2227 432 2244 πασιν
453 2215 594 2256 ἀγείρωτον
611 2219 693 2246 εἰναι·
686 2239 694 2253 ,
708 2217 757 2250 Τις
771 2218 822 2273 γὰρ
836 2220 862 2248 ἐν

96 2261 190 2300 ἡδονῇ,
204 2261 261 2290 εἶπέ
273 2273 333 2300 μοι,
346 2263 359 2290 ὁ
370 2261 525 2300 μαινόμενος
538 2274 583 2292 και
595 2263 732 2302 σφαδάζων
745 2263 790 2292 καὶ
804 2274 862 2291 κεν-

95 2307 218 2346 τούμενος
234 2308 284 2337 ὑπὸ
305 2310 448 2347 ἐπιθυμιῶν
471 2310 584 2345 πολλῶν,
603 2309 649 2338 καὶ
664 2309 721 2339 οὐδὲ
736 2311 762 2339 ἓν
777 2311 862 2349 ἑαυτῷ

96 2353 142 2390 ὧν,
155 2352 182 2411 ἢσ
184 2355 198 2382 ὃ
210 2353 308 2383 τούτων
323 2354 428 2383 πάντων
446 2355 646 2394 ἀπηλλαγμένος
658 2357 709 2385 τῶν
727 2356 863 2395 κυμάτων,

96 2399 141 2428 καὶ
163 2399 253 2440 ὥσπερ
275 2401 300 2429 ἐν
324 2399 412 2439 λιμενι
426 2403 458 2440 τῇ
474 2401 613 2442 φιλοσοῠια
635 2402 796 2440 καθήμενοςς
817 2405 863 2433 οὐκ

97 2445 232 2481 εὔδηλον
217 2458 257 2476 οτι
269 2449 358 2480 οὗτος·
352 2470 359 2483 ,
374 2446 453 2476 ἰΑλὶα
463 2449 509 2482 ,ἧς
520 2449 613 2488 ἀρε-»ἦς
626 2448 688 2478 ἴδιον
697 2452 772 2478 τοῦτο
785 2452 864 2479 ῧάνε-

97 2492 176 2531 φάνη.
189 2491 275 2522 “stete
288 2495 306 2528 ἡ
321 2492 400 2522 κακία
417 2493 499 2531 ὄνομα
521 2494 597 2532 μόνον
612 2495 706 2530 ἡδονῆς
728 2495 796 2535 ἔχει,
821 2500 867 2526 τοῦ

100 2538 126 2567 δὲ
141 2539 296 2578 πράγματός
310 2540 379 2568 ἐστιν
401 2539 511 2579 ἔρημος·
526 2541 570 2569 καὶ
592 2541 642 2580 πρὸ
663 2541 709 2579 μὲν
731 2544 776 2578 τῆς
798 2545 865 2573 ἀπο-

136 2632 145 2643 ·
165 2623 222 2656 [Sic
235 2631 300 2649 rcctc
316 2626 343 2650 A.
361 2626 386 2650 B.
402 2625 469 2651 Editi
483 2631 508 2652 ἠν
522 2626 609 2660 ἐξά-κῃ]

872 205 932 227 COR
940 219 946 226 .

877 1568 896 1590 l)

976 205 1090 228 nomn..
1119 208 1201 231 xxii.
1573 201 1639 233 233

897 265 1042 295 midamem
1052 290 1059 303 ‚
1083 278 1131 298 nec
1160 270 1293 299 valentem
1315 282 1383 311 pura
1411 273 1463 301 frui
1490 273 1634 312 voluptate.

899 313 990 342 Mente
1003 324 1118 353 namque
1130 326 1238 346 versans
1245 328 1289 346 eos
1297 318 1344 357 qui
1359 319 1457 357 injuria
1471 320 1636 358 afficiuntur,

899 366 924 388 et
939 370 982 389 cos
997 361 1042 399 qni
1060 363 1287 394 commiseratione
1306 365 1451 401 ducuntur,
1466 373 1491 394 et
1513 378 1637 396 commu-

899 417 957 435 nem
969 408 1090 437 omnium
1098 409 1132 438 de
1147 410 1195 438 illo
1211 411 1356 449 calculum,
1367 412 1442 440 mille
1456 413 1572 451 agitatur
1583 414 1639 453 ipsc

898 454 1035 484 fluctibus.
1053 455 1146 493 Neque
1171 455 1222 485 hoc
1246 457 1332 485 solum
1360 458 1501 487 molestum
1515 459 1566 498 ipsi
1588 466 1639 494 est,

898 502 946 530 sed
966 512 1051 540 neque
1064 501 1162 531 dilecta
1180 513 1228 532 sua
1245 503 1300 532 frui
1314 510 1408 543 potest.
1423 505 1498 533 Talis
1517 506 1587 534 enim
1603 513 1641 534 est

899 557 1041 576 avarorum
1055 558 1131 576 mos:
1145 548 1243 578 habent
1255 572 1262 585 ‚
1279 559 1331 578 non
1352 557 1382 579 ut
1396 550 1529 586 fruantur,
1547 551 1593 580 sed
1611 559 1642 581 ut

902 602 955 621 non
973 593 1106 622 fruantur.
1123 594 1203 629 Quod
1219 595 1241 624 si
1262 595 1314 624 hoe
1330 596 1379 625 tibi
1398 597 1512 636 zenigma
1533 608 1587 626 esse
1601 598 1642 626 vi-

901 639 992 677 detur,
1007 640 1080 679 quod
1096 640 1185 670 adhuc
1199 642 1276 682 pejus
1287 649 1314 671 et
1329 643 1415 683 magis
1433 645 1594 684 perplexum
1605 652 1643 674 est

901 685 965 714 audi
979 696 986 713 ι
1002 686 1074 726 ipsos
1086 698 1180 727 nempe
1193 698 1246 717 non
1260 688 1321 717 ideo
1337 690 1425 718 solum
1439 690 1575 731 voluptate
1586 692 1642 732 pri-

901 732 960 760 vari
971 754 979 770 ,
993 732 1069 771 quod
1088 744 1141 762 non
1156 733 1272 763 audeant
1286 735 1363 764 bonis
1376 736 1430 764 [rui
1445 743 1475 765 ut
1487 737 1585 774 velint,
1598 737 1646 766 sed

902 778 983 807 etiam
994 778 1067 817 quod
1074 790 1219 818 numquam
1230 780 1402 820 impleantur,
1414 793 1443 811 ac
1456 793 1559 823 semper
1571 784 1598 812 in
1606 784 1645 813 si-

902 825 924 853 ti
940 831 1078 854 versentur
1094 838 1100 853 :
1116 837 1169 865 quo
1184 827 1250 866 quid
1273 828 1411 857 molestius
1424 836 1450 858 et
1464 830 1572 869 gravius
1586 831 1643 860 fue-

902 870 958 899 rit?
971 872 1006 899 At
1020 871 1108 910 justus
1133 883 1186 902 non
1199 880 1239 902 est
1266 873 1336 910 talis,
1350 874 1398 903 sed
1420 882 1544 914 tremoie,
1570 877 1643 914 odio,

903 922 975 944 metu
991 923 1016 944 et
1032 916 1083 945 hac
1104 917 1247 947 incurabili
1268 919 1313 948 siti
1330 919 1400 949 liber
1418 928 1466 951 est.
1485 924 1524 951 Ac
1545 933 1645 961 quem-

903 960 1051 989 admodum
1076 962 1154 991 illum
1185 974 1276 993 omnes
1298 963 1470 995 exsecrantur
1485 989 1492 1003 ,
1519 968 1555 996 ita
1582 968 1645 997 huic

904 1018 994 1036 omnes
1008 1008 1076 1037 bene
1090 1017 1297 1048 precantu1·;ac
1321 1012 1395 1041 sicut
1408 1013 1452 1041 ille
1468 1014 1574 1043 nullum
1596 1016 1645 1043 ha-

906 1054 950 1082 het
979 1055 1113 1092 amicum,
1137 1056 1175 1085 sic
1200 1057 1249 1086 iste
1265 1058 1372 1087 nullum
1398 1059 1550 1089 inimicum.
1573 1062 1649 1098 Quid

907 1099 999 1138 igitur,
1011 1099 1067 1128 haec
1086 1100 1113 1128 in
1128 1101 1245 1131 confesso
1261 1113 1322 1131 cum
1336 1103 1397 1141 sint,
1413 1111 1459 1132 aut
1476 1106 1595 1144 nequitia
1610 1106 1651 1135 in—

905 1145 1068 1185 jucundius,
1081 1153 1128 1176 aut
1148 1147 1250 1178 virtute
1266 1150 1376 1179 suavius
1390 1151 1470 1180 fuerit
1481 1152 1494 1180 ,⁰
1507 1152 1566 1181 Imo
1585 1163 1649 1182 vero

908 1192 1012 1221 etiamsi
1035 1193 1174 1223 innumera
1191 1194 1353 1232 dixerimus,
1368 1207 1446 1231 nenio
1458 1197 1502 1226 vel
1513 1198 1573 1227 vitii
1583 1209 1651 1228 moe-

910 1250 1017 1276 rorem,
1031 1240 1076 1270 vel
1096 1241 1205 1271 virtutis
1233 1243 1398 1283 voluptatem
1436 1245 1524 1286 verbis
1552 1246 1651 1286 expri-

911 1296 983 1314 mere
996 1286 1091 1326 possit,
1107 1287 1191 1316 donec
1218 1288 1264 1317 illa
1281 1290 1411 1319 fruamur.
1433 1292 1511 1320 Tunc
1534 1293 1605 1321 enim
1628 1300 1654 1322 et

912 1330 974 1359 felle
987 1331 1104 1360 amarius
1120 1332 1287 1363 inveniemus
1303 1334 1412 1373 vitium,
1428 1346 1491 1364 cum
1500 1337 1554 1366 mel
1568 1338 1654 1366 virtu-

913 1377 947 1405 tis
970 1377 1183 1417 degustabimus.
1198 1379 1247 1408 Est
1267 1380 1339 1410 enim
1362 1382 1443 1411 etiam
1457 1393 1528 1412 nunc
1545 1384 1654 1421 vitium,

913 1423 1099 1463 injucundum,
1115 1436 1256 1455 onerosum
1271 1434 1296 1456 et
1309 1428 1452 1458 molestum
1460 1441 1469 1467 ;
1485 1431 1556 1469 quod
1570 1442 1655 1470 neque

913 1470 955 1499 illi
982 1478 1089 1510 negant,
1103 1472 1150 1510 qui
1164 1472 1217 1512 ipsi
1238 1473 1418 1504 famulantur:
1431 1487 1492 1505 cum
1516 1485 1606 1506 autem
1620 1478 1655 1507 ab

913 1516 963 1545 illo
977 1516 1192 1556 abscesserimus‚
1210 1525 1269 1547 tum
1282 1519 1356 1549 illius
1380 1522 1475 1551 acerba
1488 1523 1562 1562 jussa
1576 1535 1655 1553 accu-

914 1562 998 1591 ratius
1008 1563 1243 1599 sentiemusQuod
1250 1565 1272 1594 si
1283 1567 1362 1595 multi
1377 1567 1412 1596 ad
1420 1568 1491 1598 illud
1501 1577 1652 1604 accurrant,

914 1608 983 1637 nihil
997 1609 1114 1646 mirum;
1129 1610 1347 1650 quandoquidem
1364 1620 1388 1642 et
1410 1614 1486 1653 pueri
1508 1626 1589 1655 saepe,
1604 1617 1656 1644 mi-

914 1665 964 1684 nus
977 1655 1068 1684 dulcia
1087 1656 1212 1695 eligentes
1222 1680 1231 1695 ,
1242 1669 1272 1686 ea
1287 1669 1346 1696 quae
1357 1660 1443 1699 magis
1456 1660 1588 1691 delectant
1602 1662 1656 1692 de-

915 1701 1040 1741 spiciunt,
1056 1709 1082 1730 et
1095 1703 1187 1741 mgroti
1203 1714 1251 1743 pro
1272 1704 1345 1733 fluxa
1358 1705 1487 1745 brevique
1497 1709 1581 1747 gratia
1593 1720 1656 1748 per-

915 1754 1023 1787 petuam
1037 1748 1217 1788 tutioremque
1232 1750 1354 1779 laetitiam
1365 1752 1518 1783 amiserunt.
1536 1755 1592 1784 Hoc
1605 1766 1655 1784 au-

916 1801 970 1822 tem
986 1804 1018 1822 ex
1033 1795 1181 1824 amantium
1200 1795 1383 1827 imbecillitate
1394 1806 1419 1828 et
1433 1799 1546 1829 stultitia
1558 1812 1658 1841 prove-

916 1841 974 1878 nit,
988 1852 1040 1870 non
1056 1852 1091 1871 ex
1108 1842 1165 1882 ipsa
1188 1853 1278 1872 rerum
1303 1851 1406 1874 natura.
1420 1847 1476 1883 Qui
1500 1848 1571 1877 enim
1595 1860 1657 1878 cum

916 1887 1053 1927 voluptate
1074 1888 1154 1927 vivit,
1171 1889 1193 1918 is
1208 1896 1246 1918 est
1268 1890 1314 1928 qui
1335 1890 1461 1921 virtutem
1474 1901 1599 1931 sectatur,
1611 1896 1658 1934 qui

916 1947 980 1966 vere
1002 1936 1081 1966 dix-es
1107 1945 1132 1967 et
1156 1949 1219 1967 vere
1240 1939 1309 1968 liber
1332 1947 1380 1969 est.
1397 1941 1477 1977 Quod
1496 1943 1516 1971 si
1531 1944 1591 1982 quis
1606 1944 1659 1973 alia

917 1983 1028 2022 quidem
1051 1984 1144 2014 virtuti
1167 1986 1335 2021 concesserit,
1356 1987 1517 2027 libertatem,
1532 1991 1659 2020 securita-

917 2037 980 2067 tem,
992 2041 1007 2059 a
1020 2031 1091 2059 curis
1106 2042 1222 2061 vacuum
1232 2043 1296 2070 esse,
1307 2033 1441 2064 neminem
1455 2035 1560 2072 timere,
1575 2038 1659 2066 nemi·

917 2087 976 2105 nem
992 2084 1143 2116 suspectum
1156 2078 1268 2115 habere5
1283 2079 1448 2120 voluptatem
1459 2092 1522 2112 vero
1536 2083 1588 2123 ipsi
1606 2095 1658 2113 non

917 2123 1084 2160 concesserit,
1099 2123 1143 2153 hic
1153 2125 1221 2153 mihi
1237 2124 1263 2153 in
1273 2133 1388 2155 mentem
1399 2127 1487 2157 veniet
1504 2130 1612 2168 profuse
1622 2131 1659 2159 ri-

917 2169 990 2199 dere.
1006 2170 1083 2207 Quid
1097 2171 1167 2200 enim
1182 2171 1258 2200 aliud
1271 2179 1310 2201 est
1323 2173 1457 2213 voluptas,
1473 2186 1554 2213 quam
1563 2187 1578 2205 a
1587 2177 1659 2206 curis

917 2217 1036 2254 liberari,
1048 2228 1062 2246 a
1075 2217 1180 2253 timore,
1199 2230 1214 2247 a
1239 2229 1361 2258 moerore,
1375 2227 1401 2249 et
1410 2232 1425 2249 a
1437 2222 1512 2250 nulla
1536 2234 1564 2252 re
1583 2234 1659 2263 posse

921 2264 1039 2294 vinciri?
1055 2266 1122 2294 Uter
1133 2265 1214 2301 enim,
1230 2276 1329 2304 quaeso,
1344 2266 1370 2296 in
1381 2267 1518 2308 voluptate
1539 2277 1588 2307 est,
1603 2271 1659 2300 isne

919 2310 967 2349 qui
986 2310 1062 2347 furit,
1085 2310 1201 2351 agitatur
1217 2318 1241 2340 et
1253 2322 1268 2340 a
1280 2311 1374 2341 multis
1388 2313 1583 2353 cupiditatibus
1599 2327 1659 2346 con-

919 2356 1032 2393 foditur,
1048 2367 1133 2395 neque
1142 2357 1213 2397 apud
1229 2368 1256 2385 se
1267 2358 1385 2387 consistit
1393 2370 1402 2396 ;
1418 2370 1450 2388 an
1463 2361 1509 2399 qui
1523 2362 1558 2391 ab
1573 2364 1659 2392 omni—

919 2402 971 2431 bus
986 2403 1060 2432 hisce
1081 2403 1206 2432 fluctibus
1225 2403 1304 2442 liber,
1327 2404 1353 2433 in
1376 2405 1545 2446 philosophia
1560 2419 1606 2437 ceu
1633 2410 1659 2438 in

919 2456 998 2489 portu
1009 2449 1081 2478 sedet
1091 2449 1104 2478 3‘
1114 2460 1203 2479 annon
1222 2450 1310 2489 palam
1321 2458 1359 2479 est
1372 2451 1442 2480 hunc
1456 2463 1511 2482 esse
1520 2453 1534 2482 ἔ)
1545 2454 1599 2484 Sed
1610 2456 1660 2485 hoc

920 2497 1037 2526 cernitur
1051 2497 1145 2526 virtuti
1170 2497 1319 2536 proprium,
1338 2498 1432 2537 Itaque
1452 2499 1549 2530 vitium
1573 2503 1659 2533 solum

921 2555 1016 2574 nomen
1038 2545 1119 2575 habet
1139 2545 1302 2585 voluptatis,
1320 2557 1347 2575 rc
1368 2554 1454 2576 :tutem
1473 2548 1529 2588 ipsa
1542 2561 1658 2581 vacuum

1476 2630 1522 2657 to.
