1891 2866
540 132 573 154 tx
601 132 705 155 Etus'r.
735 133 758 155 1.

789 133 832 155 AD
857 134 934 156 COR.

963 134 1079 158 HOMlL.
1109 136 1168 159 XX.

1569 140 1630 175 197

87 238 1627 252 Ἣῌ

361 327 495 355 mum
525 327 558 356 κ’.

1141 330 1299 359 HOMILIA
1321 330 1384 360 XX.

75 418 142 458 Περὶ
157 418 183 447 δὲ
197 419 248 446 τῶν
267 418 442 447 εἰδωλοθύτων
457 419 564 458 οἴδαμεν
585 419 623 448 ὅτι
637 419 732 453 πάντες
744 422 838 460 γνῶσιν
855 428 874 451 C
892 421 960 450 Car.
979 422 1052 452 VlII.
1068 433 1096 451 v.
1111 424 1137 451 1.
1147 424 1194 451 De
1208 425 1244 452 iis
1255 430 1362 459 autem,
1383 435 1447 464 quse
1467 426 1554 454 idolis
1575 427 1631 454 ιἠι-

103 464 206 503 ἔχομεν.
221 463 255 493 ‘ll
270 466 364 502 γνῶσις
377 469 478 503 φυσιοῖ,
491 468 507 500 ἡ
523 464 549 494 δὲ
563 466 652 504 ἀγάπη
667 467 805 505 οἰκοδομεῖ.

112 651 263 690 Ἀναγκαῖον
282 652 384 691 πρῶτον
400 652 481 680 εἰπεῖν
498 651 525 679 τί
545 650 665 690 βούλεται
681 651 752 691 αὐτῷ
766 651 839 680 τουτὶ

70 698 101 727 τὸ
113 698 209 738 χωρίον
220 709 226 715 ·
240 697 308 727 οὕτω
319 697 369 737 γὰρ
382 697 511 733 εὔληπτος
522 697 595 726 ἔσται
606 699 619 726 ὁ
629 697 704 735 λόγος
717 699 791 735 ἡμῖν.
804 697 837 727 ‘O

70 744 121 784 γὰρ
133 743 321 783 ἐγκαλούμενόν
335 756 393 772 τινα
411 745 488 784 ὁρῶν,
501 744 530 772 ἂν
543 742 580 781 μὴ
595 743 720 782 πρότερον
737 743 780 782 ἴδῃ
791 746 836 772 τοῦ

70 790 262 830 ἁμαρτήματος
279 790 327 825 τὴν
351 790 435 829 φύσιν,
460 791 506 818 οὐκ
529 789 626 818 εἴσεται
645 789 704 818 τίνα
727 789 782 818 ἐστὶ
802 790 836 818 τὰ

69 837 210 876 λεγόμενα.
227 836 262 865 Τί
276 837 334 865 ποτ’
349 832 392 864 οἶν
408 838 476 865 ἐστιν
491 835 556 874 ὅπερ
578 835 695 863 ἐνεκάλει
707 834 766 863 τότε
782 836 835 863 Ko-

71 883 185 922 ρινθίοις
198 882 342 921 Ἔγκλημα
358 882 425 920 μέγα
444 881 488 910 καὶ
507 882 610 910 πολλῶν
633 880 714 909 αἴτιον
736 882 833 909 κακῶν.

68 930 148 959 Ποῖον
163 928 194 964 δὴ
218 932 306 963 τοῦτο;
329 927 428 957 Πολλοὶ
447 927 510 965 παρ’
534 928 620 960 αὐτοῖς
643 926 780 965 μαθόντες,
795 925 834 955 ὅτι

67 977 96 1005 οὗ
107 974 141 1004 τὰ
155 974 325 1014 εἰσερχόμενοι
342 977 424 1002 κοινοῖ
435 973 479 1001 τὸν
493 972 638 1012 ἄνθρωπον,
653 971 721 1000 ἀλλὰ
735 971 769 1000 τὰ
784 973 831 1000 ἕκ-

66 1021 243 1063 πορευόμενα,
257 1020 302 1050 καὶ
321 1020 361 1049 ὅτι
382 1020 415 1049 τὰ
430 1019 524 1048 εἴδωλα
534 1042 542 1054 ,
557 1018 620 1052 ξύλα
636 1018 681 1047 καὶ
702 1018 769 1047 λίθοι
787 1018 832 1047 καὶ

66 1068 202 1107 δαίμονες,
230 1067 288 1096 οὔτε
317 1066 417 1106 βλάψαι
442 1065 501 1094 οὔτε
525 1066 661 1104 ὠφελῆσαι
685 1064 830 1102 δυνάμενα,

64 1115 185 1155 ἀμέτρως
193 1117 225 1154 τῇ
236 1113 380 1148 τελειότητι
390 1114 436 1147 τῆς
445 1111 566 1150 γνώσεως
572 1110 669 1146 ταύτης
677 1109 830 1150 ἐκέχρηντο,

63 1162 109 1191 καὶ
123 1163 159 1195 εἷς
178 1161 225 1197 τὴν
241 1161 334 1200 ἑτέρων
348 1160 392 1188 καὶ
415 1160 450 1191 εἷς
463 1158 510 1193 τὴν
534 1158 632 1186 ἑαυτῶν
649 1156 760 1195 βλάὸην.
777 1157 830 1185 Καὶ

61 1208 113 1248 γὰρ
134 1209 169 1241 εἷς
191 1208 286 1236 εἴδωλα
305 1206 435 1245 εἷο-ᾔεσαν,
456 1204 501 1233 καὶ
521 1206 573 1232 τῶν
595 1203 683 1231 αὐτόθι
707 1207 829 1243 μετεῖχον

61 1256 206 1294 τραπεζῶν,
219 1254 263 1282 καὶ
279 1252 360 1291 μέγαν
384 1253 500 1280 ἐντεῦθεν
523 1249 566 1279 τὸν
592 1249 696 1288 ὄλεθρον
718 1249 829 1279 ἔτικτον.

62 1299 101 1329 Οἵ
110 1311 139 1329 τε
154 1299 206 1339 γὰρ
227 1299 265 1328 ἔτι
285 1299 329 1327 τὸν
342 1299 394 1326 τῶν
410 1296 524 1326 εἰδώλων
543 1295 646 1335 ἔχοντες
667 1294 756 1334 φόὸον,
782 1295 827 1324 καὶ

61 1347 106 1375 οὐκ
133 1345 229 1379 εἰδότες
252 1345 336 1374 αὐτῶν
358 1347 542 1383 καταφρονεῖν,
567 1345 688 1380 μετεῖχον
703 1343 756 1369 τῶν
778 1341 829 1369 δεί-

59 1403 131 1422 πνων
151 1391 266 1427 ἐκείνων,
282 1390 371 1425 ἐπειδὴ
386 1389 444 1422 τοὺς
454 1388 628 1427 τελειοτέρους
641 1386 730 1426 ἑώρων
750 1389 828 1416 τοῦτο

57 1441 195 1471 ποιοῦντας
203 1461 210 1474 ,
219 1437 264 1466 καὶ
277 1437 311 1466 τὰ
326 1437 439 1475 μέγιστα
452 1437 568 1464 ἐντεῦθεν
581 1433 743 1463 ἐὸλοίπτοντο
753 1432 826 1470 (οὒῗὲ

57 1484 109 1525 γὰρ
129 1484 196 1523 μετὰ
209 1487 256 1520 τ’ῆς
276 1484 355 1518 αὐτῆς
380 1482 486 1514 ἐκείνοις
509 1480 618 1519 γνώμης
642 1482 694 1508 τῶν
715 1491 826 1518 προκει-

60 1530 144 1569 μένων
166 1530 293 1566 ἥπτοντο,
308 1530 365 1558 ἀλλ’
387 1530 423 1561 ὡς
441 1529 481 1556 ἐπ’
501 1526 686 1561 εἰδωλοθύτων,
701 1525 747 1553 καὶ
769 1525 826 1558 ὁδὸς

59 1576 101 1607 ἐπὶ
124 1575 337 1614 εἰδιολολατρεῖαν
359 1575 389 1604 τὸ
407 1579 519 1614 πρᾶγμα
543 1571 676 1611 ἐγίνετο)·
702 1570 776 1599 αὐτοί
798 1583 826 1600 τε
840 1575 858 1597 Ε

57 1619 128 1652 οἷτοι
151 1621 230 1651 πάλιν
250 1624 274 1650 οἱ
299 1622 374 1657 δῆθεν
399 1620 553 1658 τελειότεροι
562 1640 570 1654 ,
600 1620 650 1657 οὐχ
673 1619 708 1650 ὡς
733 1616 825 1656 ἔτυχεν

55 1670 208 1704 ἠδικοῦντο,
230 1669 387 1705 δαιμονικῶν
418 1664 594 1697 ἀπολαύοντες
614 1664 761 1703 τραπεζῶν.
785 1663 825 1692 Τὸ

57 1715 104 1755 μὲν
117 1711 160 1745 οὖν
174 1714 294 1754 ἔγκλημα
309 1716 384 1742 τοῦτο
395 1709 427 1749 ἦν
437 1725 443 1730 ·
455 1715 469 1741 ὁ
484 1712 510 1741 δὲ
527 1711 656 1750 μακάριος
671 1706 743 1742 οὗτος
756 1709 822 1747 μέλ-

55 1765 108 1793 λων
124 1763 186 1792 αὔτὸ
201 1763 324 1801 διορθοῦν,
335 1762 382 1790 οὐκ
402 1761 494 1793 εὐθέως
507 1758 711 1798 ι’κοιταςιορικὶὖς
722 1756 822 1805 κε’-ἐρη-

54 1822 98 1838 ται
112 1811 150 1849 τῷ
168 1809 251 1849 λόγῳ·
268 1809 312 1837 καὶ
323 1808 372 1847 γὰρ
388 1807 476 1840 ἀνοίας
498 1806 597 1844 μᾶλλον
612 1804 629 1839 ἢ
644 1803 738 1836 κακίας
749 1806 780 1839 ἣν
793 1802 822 1831 τὸ

54 1856 196 1896 γινόμενον.
208 1854 256 1884 Διὸ
267 1855 312 1883 καὶ
323 1852 502 1894 παραινέσεως
516 1854 542 1881 ἐν
554 1853 622 1891 ἀρχῇ
636 1851 735 1888 μᾶλλον
753 1851 820 1878 ἐδεῖ-

54 1902 126 1938 το,ἧ
143 1901 305 1937 ἐπιπλήξεως
319 1901 431 1941 σφοδρᾶς
451 1899 495 1928 καὶ
513 1901 601 1938 ὀργῆς.
617 1897 716 1927 Σκόπει
737 1896 820 1925 τοίνυν

55 1950 132 1978 αὐτοῦ
142 1948 190 1983 τὴν
205 1947 317 1983 σύνεσιν,
328 1949 384 1979 πῶς
397 1945 488 1978 εὐθέως
501 1945 609 1985 ἄρχεται
620 1945 668 1978 τῆς
679 1942 820 1976 νουθεσίας.

53 1995 120 2035 Περὶ
134 1994 162 2023 δὲ
171 1996 223 2022 τῶν
243 1992 430 2029 εἰδωλοθύτων,
445 1992 552 2030 οἴδαμεν
566 1992 607 2021 ὅτι
618 1991 714 2023 πάντες
723 1991 819 2028 γνῶσιν

52 2040 156 2080 ἔχομεν.
169 2040 237 2072 Τοὺς
259 2040 373 2072 ἀσθενεῖς
398 2039 487 2078 ἀφεὶς,
511 2038 574 2077 ὅπερ
598 2037 639 2066 ἀεὶ
661 2039 746 2071 ποιεῖ,
765 2039 819 2068 τοῖς

52 2086 171 2126 {es-doum
180 2085 326 2125 διαλέγεται
335 2084 457 2124 πρώτοις.
466 2086 553 2114 Τοῦτο
560 2084 611 2123 γὰρ
621 2084 666 2112 καὶ
677 2084 702 2111 ἐν
710 2085 742 2121 τῇ
753 2082 818 2121 πρὸς

51 2131 200 2171 Ῥωμαίους
215 2131 333 2167 ἐποίησεν
346 2131 426 2160 εἰπών
436 2143 442 2148 ·
455 2130 493 2160 Σὺ
507 2130 533 2160 δὲ
544 2130 570 2159 τί
584 2130 679 2170 κρίνεις
689 2130 733 2159 τὸν
742 2130 817 2158 ἁδελ-

50 2179 96 2219 φόν
111 2190 170 2214 σου;
192 2174 265 2210 οὗτος
283 2177 334 2216 γάρ
357 2179 426 2206 ἔστιν
443 2179 456 2206 ὃ
470 2177 514 2205 καὶ
535 2177 686 2215 ἐπιτίμησιν
704 2175 816 2209 εὐκόλως

49 2225 170 2259 δέξασθαι
189 2224 337 2263 δυνάμενος.
353 2223 409 2252 ⁸¹²0
423 2222 454 2258 δὴ
476 2222 521 2251 καὶ
537 2224 647 2252 ἐνταῦθα
667 2227 754 2252 ποιεῖ·
769 2221 814 2251 καὶ

48 2276 117 2301 κενοῖ
131 2271 175 2300 τὀν
193 2273 271 2310 τῦφον
287 2272 372 2299 αὐτῶν
384 2272 497 2310 πρῶτον,
514 2269 579 2309 ὅπερ
596 2269 713 2308 ἐνόμιζον
726 2271 812 2299 αὐτῶν

48 2314 113 2347 εἶναι
130 2317 256 2357 ἐξαίρετον
268 2317 298 2346 τὸ
311 2318 406 2356 γνῶσιν
428 2316 496 2356 ἔχειν
508 2316 620 2351 τελείαν,
634 2319 710 2346 τοῦτο
725 2316 811 2346 κοινὸν

48 2363 197 2404 ἀποφήνας·
212 2363 329 2401 Οἴδαμεν
349 2363 413 2402 γὰρ,
431 2362 520 2402 φησὶν,
539 2362 579 2391 ὅτι
600 2362 696 2396 πάντες
713 2365 810 2401 γνῶσιν

931 469 1089 507 molantur,
1117 471 1224 499 scimus
1240 471 1320 510 quod
1344 482 1442 500 omnes
1473 473 1626 501 scientiam

929 516 1076 546 habemus.
1091 516 1218 545 scientia
1243 517 1338 558 i'lfl‘n'
1351 520 1461 546 caritas
1478 528 1548 546 vero
1566 519 1634 547 redi<

928 562 1009 599 sicat.

930 655 958 684 1.
982 654 1093 683 Necesse
1104 661 1141 683 est
1155 655 1243 695 primo
1254 655 1343 685 dicere
1355 656 1421 695 quid
1435 657 1486 685 sihi
1502 656 1568 686 velit
1582 657 1632 687 hic

888 702 962 731 locus
976 714 982 729 :
994 702 1032 730 sic
1048 713 1161 741 namque
1180 703 1258 732 facile
1273 703 1437 743 intelligetur
1450 704 1524 742 quod
1536 704 1630 734 dictu-

889 750 912 779 ri
930 760 1033 779 sumus.
1057 750 1110 785 Qui
1121 750 1192 779 enim
1206 751 1323 790 aliquem
1337 752 1456 780 accusari
1471 751 1554 789 videt,
1572 752 1625 780 nisi

887 796 964 836 prius
979 796 1079 836 pcccati
1098 803 1222 825 naturam
1245 804 1345 835 noscat,
1367 808 1426 836 quae
1443 797 1566 826 dicentur
1576 808 1629 826 non

886 841 1024 880 intelliget.
1043 844 1104 878 Qua
1125 853 1188 881 ergo
1207 842 1240 871 de
1251 854 1280 871 re
1293 850 1357 872 tunc
1374 843 1527 872 Corinthios
1543 854 1627 872 accu-

885 888 982 916 sabat?
993 888 1101 916 Crimen
1121 895 1177 916 erat
1193 899 1330 927 magnum,
1342 900 1373 917 ac
1389 890 1537 918 multorum
1548 900 1626 919 causa

885 936 1026 964 malorum.
1042 935 1128 972 Quale
1143 936 1231 965 illud?
1243 937 1324 966 Multi
1333 948 1367 965 ex
1380 937 1434 965 illis
1445 948 1506 966 cum
1514 937 1626 966 didicis-

884 988 953 1019 sent,
980 992 1032 1010 non
1054 992 1112 1019 quae
1135 981 1234 1010 intrant
1253 982 1394 1020 inquinare
1419 983 1627 1020 hominem,sed

883 1037 942 1066 quae
961 1033 1109 1056 exeunt:et
1136 1027 1219 1064 idola,
1243 1039 1337 1068 nempe
1358 1029 1443 1068 ligna,
1469 1029 1574 1068 lapides
1599 1037 1626 1058 et

882 1073 1015 1102 daemones
1031 1083 1078 1102 nec
1087 1083 1181 1102 nocere
1196 1085 1243 1103 nec
1250 1075 1347 1114 juvare
1357 1085 1443 1114 posse,
1467 1075 1524 1104 sine
1544 1075 1625 1104 modo

881 1120 938 1149 ullo
952 1121 1002 1149 hac
1012 1120 1128 1160 perfecta
1148 1121 1186 1149 rei
1202 1122 1351 1160 cognitione
1371 1122 1525 1160 utebantur,
1547 1129 1573 1151 et
1596 1123 1624 1151 in

881 1178 960 1196 suum
980 1174 1006 1196 et
1027 1167 1054 1196 in
1074 1166 1190 1196 aliorum
1204 1168 1404 1197 detrimentum.
1417 1170 1486 1197 Nam
1507 1169 1540 1198 ad
1550 1168 1623 1199 idola

881 1212 1112 1251 ingrediebantur,
1134 1219 1159 1241 et
1178 1224 1332 1242 mensarum
1355 1213 1458 1242 ibidem
1478 1214 1624 1254 participes

881 1266 966 1297 erant,
996 1259 1113 1299 hincque
1141 1270 1266 1299 magnam
1292 1260 1440 1289 inferebant
1463 1260 1622 1300 perniciem.

881 1306 950 1334 Nam
965 1306 1011 1344 qui
1031 1306 1120 1336 adhuc
1130 1307 1201 1335 idola
1213 1306 1352 1341 timebant,
1370 1317 1417 1335 nec
1433 1307 1622 1337 contemnenda

879 1351 926 1380 illa
937 1363 992 1381 esse
1012 1352 1172 1389 didicerant,
1188 1363 1322 1381 coenarum
1333 1352 1487 1392 hujusmodi
1506 1353 1622 1392 partici-

878 1409 926 1438 pes
946 1405 1029 1436 erant,
1047 1410 1108 1428 cum
1127 1399 1297 1439 perfectiores
1308 1398 1431 1428 viderent
1443 1399 1564 1440 idipsum
1579 1401 1620 1429 fa-

879 1446 985 1483 cientes,
999 1453 1024 1474 et
1044 1445 1109 1475 hinc
1126 1446 1244 1475 maxime
1257 1446 1424 1475 laedebantur
1434 1449 1537 1486 (neque
1549 1447 1621 1477 enim

878 1491 971 1526 eadem
990 1502 1043 1530 qua
1060 1492 1100 1520 illi
1125 1498 1212 1521 mente
1227 1492 1359 1531 apposita,
1375 1492 1423 1522 sed
1444 1494 1520 1531 quasi
1541 1494 1621 1523 idolis

877 1537 1014 1567 immolata
1034 1538 1169 1567 habebant
1180 1550 1186 1565 τ
1199 1545 1225 1567 et
1244 1549 1274 1566 ea
1294 1549 1334 1567 res
1349 1539 1394 1567 via
1416 1546 1471 1568 erat
1485 1539 1520 1568 ad
1534 1540 1620 1569 idolo-

876 1584 1018 1620 latriam):
1036 1591 1061 1613 et
1076 1584 1116 1613 illi
1142 1595 1248 1623 quoque
1268 1583 1316 1622 qui
1337 1585 1506 1623 perfectiores
1532 1593 1618 1622 erant,

876 1643 928 1661 non
943 1632 1000 1661 levi
1022 1632 1121 1661 damno
1142 1632 1339 1668 afficiebantur,
1359 1631 1424 1660 dum
1446 1633 1544 1662 mensis
1560 1634 1619 1663 dae-

875 1679 988 1708 monicis
1008 1679 1167 1708 fruerentur.
1186 1677 1222 1707 Et
1247 1678 1297 1707 hoc
1313 1678 1422 1717 quidem
1439 1679 1540 1708 crimen
1552 1688 1617 1710 erat.

874 1729 972 1757 Beatus
993 1734 1082 1756 autem
1093 1727 1148 1764 vir,
1171 1733 1201 1755 ut
1222 1726 1291 1755 illud
1311 1727 1471 1764 emendaret,
1488 1738 1541 1757 non
1562 1735 1617 1757 sta-

873 1775 923 1804 tim
941 1774 1091 1804 vehementi
1105 1774 1190 1802 utitur
1203 1773 1322 1802 oratione
1337 1785 1343 1801 :
1359 1784 1422 1802 nam
1437 1785 1470 1803 ex
1483 1774 1615 1815 insipien-

873 1823 909 1852 tia
922 1823 1018 1862 magisy
1034 1833 1114 1861 quam
1122 1833 1156 1851 ex
1170 1821 1273 1851 malitia
1288 1821 1316 1851 id
1330 1821 1616 1861 designabatur.Qua—

828 1875 863 1893 ¹⁶⁹
873 1881 902 1899 re
916 1870 992 1898 initio
1007 1868 1193 1898 adhortatione
1214 1869 1298 1908 magis
1317 1879 1383 1909 opus
1397 1876 1461 1907 erat,
1474 1880 1555 1908 quam
1569 1881 1614 1900 ve-

836 1902 856 1925 A
872 1916 988 1945 hementi
1016 1915 1195 1956 increpatione
1215 1922 1239 1944 et
1262 1915 1456 1955 indignatione.
1482 1916 1615 1946 Animad-

871 1971 944 1994 verte
957 1964 1040 2003 igitur
1054 1964 1111 2003 ejus
1126 1963 1305 2003 prudentiam,
1318 1964 1452 2002 quomodo
1460 1964 1549 1993 statim
1567 1965 1613 1994 ad-

870 2009 1046 2038 monitionem
1060 2008 1189 2048 incipiat:
1202 2009 1249 2036 De
1262 2010 1298 2037 iis
1312 2015 1421 2044 autem,
1444 2018 1509 2047 quoe
1523 2009 1611 2039 idolis

870 2054 1068 2090 immolantur,
1077 2055 1183 2082 scimus
1196 2053 1276 2092 quod
1288 2063 1385 2082 omnes
1395 2054 1548 2082 scientiam
1559 2055 1611 2083 Ιια-

871 2100 976 2127 bemus.
991 2096 1188 2126 infirmioribus
1207 2097 1315 2134 relictis,
1330 2097 1402 2136 quod
1413 2107 1517 2136 semper
1538 2098 1609 2135 facit,

868 2142 1027 2172 valentiores
1038 2141 1156 2181 primum
1164 2141 1329 2180 aggreditur.
1341 2142 1398 2171 Hoc
1410 2141 1481 2170 enim
1491 2142 1570 2171 etiam
1581 2144 1608 2173 in

867 2187 978 2227 epistola
993 2186 1027 2215 ad
1042 2186 1174 2214 Romanos
1188 2185 1259 2221 fecit,
1269 2185 1361 2215 dicens
1376 2198 1382 2214 :
1403 2187 1446 2214 Tu
1456 2195 1526 2213 vero
1537 2189 1609 2225 quid
1620 2186 1685 2209 Rom.
1702 2194 1734 2212 ιι.

861 2232 980 2271 judicas
992 2232 1114 2269 fratrem
1128 2233 1227 2258 tuum?
1242 2230 1286 2259 hic
1308 2231 1378 2260 enim
1399 2236 1448 2264 est,
1474 2230 1521 2267 qui
1539 2231 1606 2261 faci·
1623 2225 1648 2240 ¹⁰

865 2277 919 2305 lius
928 2276 1011 2316 possit
1025 2275 1229 2314 increpationem
1243 2275 1371 2314 accipere.
1384 2273 1463 2310 Quod
1485 2276 1530 2305 hic
1543 2286 1607 2314 quo-

864 2332 916 2360 quc
944 2321 1008 2349 facit
1023 2332 1028 2348 :
1043 2327 1068 2349 et
1086 2320 1176 2360 primo
1191 2320 1289 2348 fastum
1302 2330 1394 2349 eorum
1405 2329 1527 2359 evacuat,
1539 2321 1606 2351 dnm

863 2365 936 2404 quod
950 2365 990 2394 illi
1001 2365 1166 2405 praecipuum
1177 2363 1306 2403 putabant
1320 2371 1345 2392 et
1358 2366 1502 2404 perfectam
1515 2366 1604 2395 scien—

47 2410 150 2450 ἔχομεν.
160 2410 273 2449 kat-sap
285 2411 307 2438 εἰ
319 2409 391 2448 ἀφεὶς
402 2408 494 2441 αὐτοὺς
506 2408 574 2447 μέγα
587 2413 696 2448 φρονεῖν,
706 2411 809 2448 πρῶτον
827 2416 844 2439 13
863 2409 938 2445 tiam,
958 2409 1010 2438 hoc
1030 2419 1170 2438 commune
1194 2419 1249 2437 csse
1269 2410 1455 2448 pronuntiavit
1471 2422 1476 2438 :
1491 2411 1603 2440 Scimus

81 2489 93 2506 Β
110 2487 195 2513 Morel.
218 2486 460 2522 xzrzppovexspmalei
480 2486 557 2512 Sat‘il.
575 2495 727 2522 καταῐορικῷ.
740 2486 796 2521 [Sic

47 2528 84 2559 R,
94 2527 136 2552 sed
150 2529 177 2551 Α.
191 2536 246 2551 cum
260 2525 268 2560 ]
282 2527 340 2559 Rvg,
353 2534 514 2561 ναταξοριιῶς.

877 2495 888 2508 ³·
907 2488 945 2512 Ita
958 2488 1017 2521 Reg.
1031 2487 1065 2521 [et
1077 2489 1167 2520 nostri]
1179 2487 1263 2513 melius
1272 2497 1347 2521 quam
1358 2488 1485 2524 Editi,qui
1498 2491 1600 2524 habent,

847 2530 857 2552 ὅ
872 2530 894 2553 ὖὶ
907 2533 951 2553 καί.
