1906 2866
99 2258 158 2282 lsai.

187 2260 208 2281 3.

217 2268 228 2289 xi

263 177 333 211 528

260 250 340 279 etiam
354 249 399 288 qui
417 255 505 289 patres
523 260 576 278 non
593 256 664 285 sunt,
684 249 777 278 dolore
790 248 957 287 franguntur,
972 253 997 275 et

260 296 503 336 collacrymassent,
520 296 570 324 nisi
590 296 628 325 rei
642 295 744 324 exitum
758 300 925 334 perspectum
943 292 996 320 ha-

259 342 366 379 berent;
377 342 430 371 imo
439 343 519 371 etiam
527 342 688 381 complures,
697 350 858 379 quamquam
868 339 945 367 illum
953 347 996 365 no·

260 388 323 422 rint,
332 389 510 428 lacrymantes
525 388 736 416 tameniutueor:
749 396 800 423 quo
815 383 921 413 tandem
935 392 996 409 cru-

260 435 331 464 ciatu
343 436 468 464 affectum
480 446 539 464 eum
553 435 632 463 fuisse
643 432 781 473 probabile
791 438 838 465 cst,
850 430 895 467 qui
906 429 994 467 ipsum

260 488 394 519 genuerat,
405 481 450 519 qui
463 481 629 515 educaverat,
640 479 685 517 qui
697 478 724 506 in
738 482 880 508 senectute,
893 474 939 511 qui
951 483 994 501 so-

260 526 315 554 lum
335 527 460 564 habebat,
482 526 527 564 qui
549 526 639 559 talem,
663 523 709 560 qui
728 520 860 554 cernebat,
883 518 994 556 quiau—

259 571 358 607 dicbat,
368 572 531 611 quijamjam
542 570 574 598 dc
584 569 670 598 modio
681 567 834 595 sublaturus
842 564 916 592 erat?
927 563 995 597 Quae

258 618 400 646 verborum
419 616 580 656 prudentia?
599 624 657 651 quae
679 610 855 650 responsionis
869 619 993 637 mausue-

258 662 344 690 tudo?
362 663 430 698 Quis
447 669 535 690 autem
550 667 606 688 tum
621 656 802 697 operabatur?
823 654 992 689 diabolusnc,

258 717 286 738 ut
305 710 373 737 faces
392 707 521 746 quasdam
539 712 638 734 naturae
661 701 835 731 admoveret?
858 700 990 728 Minime:

256 765 349 783 verum
364 755 447 789 Deus,
467 759 496 780 ut
510 748 693 788 aureamjusti
708 747 824 776 'animam
840 746 926 785 magis
941 756 993 774 ex-

257 803 379 841 ploraret.
406 800 511 829 Etenim
529 809 590 827 cum
610 797 671 826 Jobi
690 806 760 824 uxor
780 794 862 822 verba
883 794 991 830 faceret,

255 849 379 877 diabolus
392 847 568 886 operabatur;
585 844 637 872 tale
649 843 749 881 quippe
767 840 837 869 illud
851 840 992 868 consilium

255 900 326 922 crat:
348 892 393 920 hic
411 902 474 920 vero
492 890 560 919 nihil
578 888 660 927 impie
674 887 843 925 loquebatur,
860 886 907 915 scd
929 898 992 926 pcr-

254 950 334 977 quam
352 937 395 978 pie
413 944 438 966 et
457 937 660 973 circumspecte:
683 943 714 961 ac
728 932 812 960 multa
826 939 951 961 venustas
965 933 991 961 in
1001 939 1037 957 1³5³

1010 968 1030 988 Λ
1046 980 1116 997 νοιαν
1133 968 1166 996 τὰ
1183 967 1297 1007 ῥήματα.
1314 965 1383 994 Ἀλλ’
1397 968 1424 994 οὖ
1443 965 1486 994 τὶν
1500 966 1637 1004 ἀδάμαντα
1652 969 1748 996 ἐκεῖνον
1763 979 1812 996 πε-

254 985 344 1013 verbis
357 983 502 1017 efflorebat,
514 989 663 1018 magnaque
677 978 764 1006 mellis
778 977 853 1016 copia
865 988 879 1006 e
892 988 992 1006 sermo-

254 1030 332 1059 nibus
347 1028 481 1061 manabat,
495 1037 510 1054 a
525 1024 669 1063 tranquilla
683 1023 729 1051 illa
746 1029 771 1051 et
785 1022 890 1061 placida
904 1023 993 1051 anima

253 1078 352 1106 fluens:
378 1083 458 1113 atque
483 1080 585 1102 tantam
596 1072 652 1100 vim
664 1071 722 1098 haec
745 1070 826 1099 verba
848 1070 992 1107 habebant,

253 1131 282 1152 ut
306 1123 349 1152 vel
373 1132 483 1150 saxeum
507 1126 599 1158 pectus
620 1117 740 1146 emollire
750 1122 865 1155 possent.
882 1117 937 1145 Nec
951 1123 993 1145 ta-

252 1180 312 1197 men
332 1168 498 1196 adamantem
513 1165 590 1193 illum
607 1162 786 1202 perculerunt,
800 1162 854 1190 imo
872 1172 920 1190 nec
932 1173 994 1190 con-

253 1220 407 1247 cusserunt;
424 1223 470 1240 nec
479 1211 559 1245 dixit,
569 1208 642 1244 Quid
652 1214 755 1247 patrem
766 1218 855 1241 vocas,
865 1207 910 1245 qui
925 1218 992 1246 pau-

252 1261 279 1288 lo
293 1267 352 1299 post
363 1266 436 1297 pater
446 1264 507 1285 tuus
519 1256 623 1283 futurus
636 1264 687 1281 non
698 1259 747 1287 est,
759 1253 860 1290 quique
869 1253 927 1291 jam
939 1253 992 1280 hu-

249 1306 294 1344 jus
319 1303 427 1332 honoris
449 1303 579 1341 jacturam
602 1298 684 1327 fecit?
710 1298 834 1332 Quanam
858 1308 939 1336 porro
957 1297 992 1326 de

252 1361 330 1379 causa
351 1360 417 1389 puer
436 1357 541 1386 quoque
561 1344 729 1374 sciscitatur?
746 1344 823 1371 Certe
842 1354 895 1371 non
917 1344 991 1382 quod

252 1396 405 1425 curiositate
418 1394 568 1427 duceretur,
589 1390 635 1418 sed
650 1388 721 1427 quod
738 1389 771 1417 de
786 1389 828 1424 iis,
849 1400 908 1426 quae
922 1400 987 1428 pro-

251 1442 335 1481 posita
355 1446 437 1475 crant,
458 1438 538 1466 anxio
560 1447 590 1464 ac
611 1434 725 1464 sollicito
740 1434 828 1462 animo
847 1441 921 1462 esset.
944 1435 990 1463 Sic

252 1488 322 1516 enim
337 1496 425 1514 secum
440 1483 584 1521 cogitabat,
600 1481 651 1509 nisi
665 1486 739 1519 pater
756 1490 816 1508 eum
831 1480 988 1519 participem

251 1543 341 1561 earum
354 1541 443 1559 rerum
462 1539 521 1566 qum
535 1527 695 1565 gerebantur
705 1524 834 1553 adhibere
848 1525 986 1561 voluisset,

250 1577 360 1606 minime
368 1576 501 1603 facturum
509 1572 598 1606 fuisse,
610 1577 639 1598 ut
649 1570 731 1598 servis
742 1570 809 1597 infra
820 1571 986 1609 mauerejuffi

250 1623 295 1658 sis,
307 1622 396 1660 ipsum
410 1619 496 1647 solum
509 1622 661 1645 assumeret.
679 1615 722 1643 Ob
744 1614 824 1651 idque
835 1621 892 1643 tum
907 1615 987 1644 deui—

249 1678 300 1706 que
307 1665 556 1706 ipsuminterrogat,
564 1673 625 1691 cum
633 1662 690 1700 jam
698 1660 747 1688 soli
758 1667 850 1696 essent,
858 1671 906 1689 nec
915 1662 987 1699 quis<

249 1723 329 1751 quam
338 1723 367 1740 ea
383 1722 441 1749 quae
451 1709 608 1738 dicebantur
616 1706 721 1735 audiret
732 1717 738 1733 z
750 1713 822 1734 tanta
831 1707 906 1744 pueri
917 1718 986 1746 pru-

249 1759 339 1786 dentia
352 1763 416 1785 erat.
433 1757 527 1783 Annon
541 1763 641 1787 omnes,
652 1759 708 1780 tam
720 1752 773 1780 viri
784 1763 866 1789 quam
878 1763 985 1791 uxores,

250 1803 416 1831 incaluistis?
432 1811 518 1828 annon
534 1798 717 1836 unusquisque
739 1804 858 1825 vestrum
873 1808 987 1836 puerum

250 1850 328 1878 illum
339 1849 428 1876 animo
442 1845 627 1885 complectitur
636 1851 661 1871 et
675 1843 855 1880 exosculatur,
871 1844 987 1882 pruden-

249 1894 367 1931 tiamque
377 1891 497 1930 suscipit,
505 1897 584 1927 atque
594 1889 676 1927 ipsius
686 1887 783 1926 pietate
795 1895 986 1925 commovetur,

250 1950 301 1977 qua
316 1939 397 1967 fiebat
410 1944 451 1974 ut,
465 1946 526 1965 cum
539 1935 620 1963 etiam
631 1933 802 1971 colligaretur
811 1943 842 1961 ac
853 1944 918 1971 rogo
931 1935 987 1962 im—

249 1991 403 2024 poneretur,
414 1993 466 2010 non
479 1987 551 2008 metu
566 1985 748 2007 concuteretur
759 1988 805 2006 nec
816 1979 930 2007 resiliret
941 1990 988 2008 nec

248 2038 352 2069 patrem
371 2036 401 2056 ut
423 2029 511 2055 furore
531 2025 663 2064 percitum
683 2030 817 2052 accusaret
827 2035 836 2061 3
852 2035 946 2053 verum
962 2032 988 2054 et

248 2075 364 2104 vinquis
389 2073 580 2111 astringeretur
603 2077 628 2098 et
651 2070 787 2098 tolleretur
813 2080 843 2097 ac
863 2070 988 2109 impone-

250 2127 332 2156 retur,
346 2126 500 2156 cunctaque,
518 2117 592 2145 velut
610 2126 694 2154 agnus
718 2115 862 2153 quispiam,
881 2116 924 2144 vel
940 2127 987 2155 po-

251 2167 315 2203 tius,
329 2172 358 2194 ut
371 2163 520 2193 communis
533 2162 652 2191 omnium
662 2161 803 2196 Dominus,
816 2161 921 2189 silentio
930 2162 988 2190 fer-

251 2212 310 2240 ret.o
326 2210 434 2241 Etenim
446 2209 520 2237 illius
534 2206 763 2236 mansuetudinem
778 2206 942 2243 imitabatur,
956 2218 987 2236 ac.

234 2258 367 2295 -figuram
388 2255 502 2285 tenebat.
520 2255 681 2292 Tamquam
701 2254 761 2280 ovis
782 2253 863 2287 enirn,
886 2253 983 2291 inquit,

251 2303 292 2331 ad
304 2303 475 2331 occisionem
492 2300 595 2328 ductus
613 2304 666 2334 est,
686 2304 712 2325 et
733 2299 819 2336 quasi
833 2308 927 2336 agnus
941 2309 988 2327 co-

251 2360 313 2377 ram
329 2348 466 2377 tondente
484 2356 515 2374 se
533 2346 684 2373 obmutuit.
707 2343 788 2381 Atqui
809 2344 934 2382 loquutus
950 2353 989 2374 est

251 2395 317 2431 iste,
329 2404 391 2422 nam
401 2399 427 2421 et
439 2391 572 2421 Dominus
583 2399 689 2428 quoque
703 2389 787 2427 ipsius
798 2389 924 2427 loquutus
935 2397 972 2419 est
983 2403 988 2418 :

251 2449 366 2476 quonam
380 2438 463 2476 igitur
477 2436 558 2465 modo
572 2433 727 2463 obmutuit?
739 2435 796 2462 Hoc
806 2441 854 2471 est,
867 2435 935 2463 nihil
945 2446 990 2464 ar-

251 2495 357 2523 rogans,
373 2483 441 2512 nihil
466 2492 591 2522 asperum
611 2481 738 2518 loquutus
759 2487 807 2516 est,
830 2480 876 2509 sed
890 2481 989 2511 blanda

250 2530 338 2557 omnia
350 2536 375 2557 et
385 2535 539 2565 mansueta,
553 2538 584 2555 ac
596 2526 678 2555 verba
689 2526 746 2565 ipsa
763 2526 824 2565 plus
836 2534 989 2555 mansuetu-

250 2575 320 2604 dinis
332 2586 383 2614 [πω
393 2586 419 2604 se
435 2574 561 2610 serebant,
574 2584 654 2611 quam
665 2573 686 2601 si
701 2572 834 2601 tacuisset.
853 2573 985 2609 Quando-

607 188 622 210 S
629 203 635 210 .
663 188 743 211 JOAN
751 188 802 210 Nts
828 186 1008 210 cnRYSOST.

1039 186 1193 209 Attentflt‘.
1222 186 1474 209 CONSTANTtNop
1481 201 1487 208 .

1053 246 1079 275 δὲ
1088 268 1096 282 ,
1107 247 1193 276 καίτοι
1206 248 1281 275 τοῦτο
1292 246 1391 278 εἰδότας
1399 267 1406 280 ,
1415 246 1573 285 δακρύοντας
1586 249 1652 287 ὁρῶ·
1666 250 1692 278 τί
1704 251 1815 290 πάσχειν

1052 299 1148 326 ἐκεῖνον
1159 298 1226 330 εἰκὸς
1235 293 1276 333 ἧν,
1289 297 1332 325 τὸν
1345 297 1422 325 αὐτὸν
1431 298 1592 335 γεννήσαντα
1601 321 1609 335 ,
1618 300 1661 328 τὸν
1676 285 1816 340 θρέψαν-τα,

1051 348 1096 376 τὸν
1113 350 1139 377 ἐν
1151 349 1220 389 γήρα
1231 371 1238 385 ,
1252 348 1296 377 τὸν
1312 348 1388 386 μόνον
1400 348 1494 388 ἔχοντα
1507 353 1632 387 τοιοῦτον,
1643 352 1687 381 τὸν
1701 355 1817 393 ὁρῶντα,

1051 399 1094 427 τὸν
1108 400 1249 436 ἀκούοντα,
1263 400 1307 428 τὸν
1328 400 1421 432 εὐθέως
1441 401 1570 438 μέλλοντα
1592 403 1719 441 ἀναιρεῖν;
1737 404 1776 436 τίς
1798 407 1815 440 ἡ

1052 452 1152 484 σύνεσις
1166 453 1217 480 τῶν
1234 452 1372 491 ῥημάτων,
1382 451 1422 484 τίς
1436 453 1453 487 ἢ
1476 453 1604 482 ἐπιείκεια
1623 457 1670 489 τῆς
1685 455 1817 491 museum

1050 504 1099 537 Τίς
1115 505 1166 543 ἄρα
1178 506 1191 532 ὁ
1205 505 1330 542 ἐνεργῶν;
1346 506 1360 532 ὁ
1377 504 1512 541 διάῧολος,
1524 505 1593 534 ὥστε
1616 508 1750 546 ἐμπρῆσαι
1767 506 1815 542 τὴν

1050 556 1142 595 ephano,
1153 555 1199 590 Μὴ
1215 554 1330 593 γένοιτο,
1355 556 1412 584 ἀλλ’
1428 558 1441 585 ὁ
1456 555 1537 591 Θεὸς,
1551 556 1593 585 ἵνα
1609 559 1708 595 μᾶλλον
1727 560 1815 596 βασα-

1050 608 1108 646 νίσῃ
1121 607 1169 642 τὴν
1180 609 1281 645 χρυσῆν
1296 609 1340 635 τοῦ
1355 606 1455 635 δικαίου
1475 607 1572 646 ψυχήν.
1589 608 1675 637 ”Οταν
1697 608 1745 647 μὲν
1763 608 1814 648 γὰρ

1049 662 1065 694 ἠ
1080 658 1144 697 γυνὴ
1156 657 1351 697 φθέγγηταιτοῧ
1361 657 1424 686 ’1ὼὸ
1431 680 1439 694 ,
1450 658 1569 691 διάὲολος
1579 661 1676 699 ἐνεργεῖ
1686 672 1692 678 ·
1705 659 1813 695 τοιαύτη

1049 710 1099 749 γὰρ
1113 713 1130 745 ἡ
1147 709 1294 747 συμὲουλή·
1308 704 1381 742 οὗτος
1395 709 1422 737 δὲ
1439 709 1509 738 οὐδὲν
1532 710 1686 749 βλάσφημον
1701 711 1813 750 φθέγγε-

1047 774 1105 797 ται,
1120 762 1187 791 ἀλλὰ
1207 761 1251 790 καὶ
1273 760 1371 799 σφόδρα
1392 761 1494 794 aava&
1508 761 1553 790 καὶ
1568 762 1813 802 μεμεριμνημένον·

1048 815 1093 844 καὶ
1112 813 1196 848 πολλὴ
1217 815 1233 848 ἡ
1259 812 1336 851 χάρις
1355 812 1462 847 ἐτι-ἤνθει
1484 818 1538 845 τοῖς
1560 814 1676 852 ῥήμασι,
1691 813 1758 843 πολὺ
1783 815 1814 843 τὸ

1048 866 1108 905 μέλι
1125 868 1176 894 τῶν
1197 865 1281 903 λόγων
1297 863 1440 896 ἀπέσταξεν
1455 864 1506 892 ἀπὸ
1526 864 1641 903 γαλήνης
1655 864 1700 893 καὶ
1713 865 1815 904 ἡμέρου

1049 917 1104 956 ῥέον
1119 918 1218 955 ψυχῆς·
1234 914 1279 943 καὶ
1288 914 1388 949 λιθίνην
1403 914 1481 942 ἱκανὰ
1494 918 1576 943 ταῦτα
1588 911 1619 950 ἦν
1632 915 1746 952 μαλάξαι
1759 916 1815 945 διοί-

1048 1020 1189 1059 ριέτρεψεν,
1203 1019 1261 1047 ἀλλ’
1281 1017 1338 1046 οὐδὲ
1364 1017 1472 1053 ἔσεισεν,
1487 1017 1545 1046 οὐδὲ
1567 1014 1640 1055 εἶπε,
1663 1018 1690 1047 τί
1711 1019 1813 1059 πατέρα

1046 1074 1133 1104 καλεῖς
1145 1071 1188 1100 τὸν
1206 1069 1298 1109 μικρὸν
1311 1069 1417 1108 ὕστερον
1433 1070 1480 1098 οὒκ
1499 1070 1621 1108 ἐσόμενόν
1637 1083 1682 1099 σου
1695 1071 1815 1110 πατέρα,

1046 1124 1089 1152 τὸν
1103 1123 1155 1157 ἤδη
1166 1121 1263 1155 ταύτην
1277 1120 1443 1149 ἀπολέσαντα
1452 1120 1500 1155 τὴν
1511 1121 1607 1159 τιμῆν;
1622 1122 1700 1155 Τίνος
1716 1122 1743 1151 δὲ
1756 1122 1814 1151 ἕνε-

1047 1187 1090 1203 κεν
1112 1174 1157 1203 καὶ
1172 1175 1185 1201 ὃ
1208 1177 1270 1204 παῖς
1284 1174 1387 1210 ε’ρωτᾷ;
1411 1173 1451 1200 Οὖ
1471 1172 1703 1211 περιεργαζόμενος
1723 1174 1814 1208 ἁπλῶς

1047 1226 1103 1255 οὐδὲ
1117 1225 1357 1263 πολυπραγμονῶν,
1370 1225 1427 1252 ἀλλ’
1447 1225 1564 1261 ἀγωνιῶν
1582 1224 1648 1263 ὑπὲρ
1670 1227 1722 1253 τῶν
1749 1237 1814 1264 προ-

1047 1277 1184 1315 κειμένων.
1202 1276 1256 1305 Καὶ
1270 1275 1322 1314 γὰρ
1337 1274 1429 1304 ἐνενόει
1443 1275 1499 1311 ὅτι,
1511 1277 1533 1303 εἷ
1545 1275 1581 1313 μὴ
1594 1275 1713 1304 ἐδούλετο
1722 1276 1815 1306 λαὸεῖν

1045 1328 1168 1357 κοινωνὸν
1193 1328 1245 1354 τῶν
1267 1325 1418 1364 γινομένων,
1435 1326 1482 1353 οὐχ
1506 1325 1537 1353 ἂν
1559 1325 1618 1358 τοὺς
1643 1325 1690 1364 μὲν
1717 1329 1814 1360 παῖδας

1046 1382 1129 1419 ἀφῆκε
1140 1378 1211 1407 κάτω
1224 1376 1320 1415 μένειν,
1333 1376 1410 1405 αὐτὸν
1424 1376 1450 1404 δὲ
1462 1376 1538 1414 μόνον
1553 1377 1698 1417 παρέλαὸε.
1712 1378 1764 1406 Διὰ
1780 1379 1811 1415 δὴ

1044 1434 1121 1460 τοῦτο
1134 1430 1178 1459 καὶ
1191 1430 1233 1458 ὅτε
1246 1429 1319 1467 μόνοι
1333 1428 1471 1467 γεγόνασι,
1485 1428 1546 1456 τότε
1557 1428 1634 1456 αὐτὸν
1651 1430 1736 1468 ἐρωτᾷ
1745 1450 1753 1464 ,
1767 1431 1812 1458 ὅτε

1045 1483 1126 1515 οὐδεὶς
1144 1481 1223 1516 ἤκουε
1236 1483 1288 1509 τῶν
1308 1479 1471 1518 λεγομένων·
1486 1479 1601 1515 τοσαύτη
1625 1483 1670 1508 τοῦ
1688 1480 1781 1514 παιδὸς
1794 1483 1812 1516 ἡ

1044 1534 1144 1565 σύνεσις
1157 1529 1198 1568 ἦν.
1210 1528 1276 1571 Ἆρα
1300 1532 1327 1560 οὗ
1352 1531 1558 1570 ὃιαθερμᾶνθητε
1572 1530 1667 1564 πάντες
1677 1554 1684 1568 ,
1701 1532 1746 1560 καὶ
1764 1532 1814 1561 ἄν-

1045 1588 1101 1625 δρες
1117 1584 1161 1613 καὶ
1176 1587 1308 1621 γυναῖκες;
1319 1583 1378 1621 οὐχὶ
1395 1582 1504 1615 ἕκαστος
1520 1583 1594 1620 ὑμῶν
1605 1583 1816 1621 περιπτύσσεται

1042 1639 1075 1675 τῇ
1087 1635 1187 1673 διανοίᾳ
1198 1634 1241 1663 καὶ
1253 1634 1393 1671 καταφιλεῖ
1402 1633 1432 1661 τὸ
1444 1633 1557 1669 παιδίον,
1569 1633 1614 1662 καὶ
1625 1634 1752 1672 θαυμάζει
1761 1634 1810 1670 τὴν

1044 1687 1157 1720 σύνεσιν,
1170 1685 1216 1714 καὶ
1228 1685 1338 1713 αἰδεῖται
1352 1684 1399 1719 τὴν
1410 1683 1558 1720 εὐλάὸειαν,
1573 1686 1630 1721 μεθ’
1645 1681 1676 1719 ἧς
1690 1685 1736 1713 καὶ
1748 1697 1814 1724 συμ-

1043 1743 1211 1780 ποδιζόμενος
1225 1741 1270 1769 καὶ
1295 1740 1338 1768 ἐπὶ
1360 1744 1413 1772 τοῖς
1439 1738 1524 1772 ξύλοις
1547 1740 1725 1778 ἐπιτιθέμενος
1734 1762 1742 1776 ,
1767 1742 1814 1769 οὔκ

1044 1794 1229 1828 ἐξεπλήττετο,
1243 1793 1290 1821 οὐκ
1310 1790 1419 1830 ἐσκίρτα
1429 1814 1436 1826 ,
1458 1793 1486 1819 οὒ
1500 1791 1679 1829 κατεγίνωσκε
1695 1794 1741 1820 τοῦ
1759 1804 1814 1820 πα-

1043 1846 1102 1884 τρὸς
1115 1847 1150 1877 ὡς
1164 1843 1319 1882 μαινομένου
1328 1865 1335 1878 ,
1351 1842 1418 1870 ἀλλὰ
1428 1842 1473 1870 καί
1488 1843 1622 1880 ἐδεσμεῖτο
1635 1842 1681 1870 καὶ
1691 1842 1814 1871 ἀνεδιδά-

1042 1899 1100 1930 ζετο
1114 1896 1158 1924 καὶ
1176 1895 1323 1930 ἐπετίθετο,
1337 1893 1381 1922 καὶ
1399 1893 1486 1922 πάντα
1501 1894 1575 1933 ἔφερε
1598 1896 1676 1932 σιγῇ,
1694 1894 1814 1933 καθάπερ

1042 1965 1081 1986 τις
1104 1951 1216 1992 ἀρνειὸς,
1232 1951 1330 1988 μᾶλλον
1354 1949 1397 1985 δὲ,
1419 1949 1539 1988 καθάπερ
1562 1951 1575 1977 ὃ
1598 1949 1683 1981 κοινὸς
1706 1949 1813 1978 πάντων

1043 2008 1194 2043 Δεσπότης
1206 2007 1258 2036 Καὶ
1271 2007 1321 2045 γὰρ
1343 2005 1439 2035 ἐκείνου
1454 2007 1575 2043 ἐμιμεῖτο
1588 2005 1636 2040 τὴν
1656 2005 1811 2042 ἐπιείκειαν,

1044 2066 1088 2094 καὶ
1102 2065 1144 2093 τὸν
1158 2064 1238 2092 τύπον
1251 2062 1391 2101 ἐφύλαττεν
1400 2073 1406 2078 ·
1417 2061 1466 2093 εΩς
1477 2061 1609 2100 πρόὸατον
1622 2059 1673 2099 γὰρ
1684 2061 1728 2089 ἐπὶ
1744 2072 1814 2100 σφα-

1017 2130 1023 2138 “
1043 2121 1090 2160 γὴν
1102 2121 1172 2159 ἤχθη
1181 2143 1190 2155 ,
1205 2119 1250 2148 καὶ
1261 2120 1296 2151 ὣς
1307 2118 1387 2157 ἀμνὸς
1401 2117 1514 2146 ἐναντίον
1529 2120 1574 2146 τοῦ
1589 2115 1720 2156 κείροντος
1735 2116 1812 2145 αὐτὸν

1043 2177 1153 2216 ἄφωνος.
1169 2175 1264 2204 Καίτοι
1280 2186 1310 2213 γε
1322 2174 1464 2214 ἐφθέγξατο
1485 2169 1559 2205 οὗτος
1569 2185 1575 2191 ·
1595 2172 1641 2201 καὶ
1656 2172 1708 2212 γὰρ
1730 2172 1776 2200 καὶ
1796 2174 1811 2201 ὁ

1041 2234 1178 2268 Δεσπότης
1195 2234 1270 2261 αὐτοῦ
1287 2231 1439 2271 ἐφθέγξατο·
1454 2233 1510 2263 πῶς
1524 2226 1567 2259 οὖν
1582 2230 1698 2269 &quove-33
1714 2229 1812 2258 Τουτέ·

1042 2302 1108 2326 στιν,
1122 2290 1193 2318 οὐδὲν
1210 2288 1318 2320 αὔθαδες
1339 2282 1420 2323 εἶπεν,
1438 2286 1496 2315 οὐδὲ
1517 2285 1620 2324 τραχὺ,
1641 2284 1710 2313 ἀλλὰ
1723 2283 1811 2312 πάντα

1041 2345 1130 2384 ἥμερα
1141 2345 1186 2373 καὶ
1194 2345 1313 2383 προσηνῆ
1323 2365 1330 2379 ,
1343 2342 1387 2371 καὶ
1401 2342 1498 2379 μᾶλλον
1512 2342 1559 2374 τῆς
1570 2341 1645 2378 σιγῆς
1656 2338 1690 2367 τὰ
1703 2338 1810 2377 ῥήματα

1042 2403 1089 2438 τὴν
1105 2402 1244 2432 ἐπιείκειαν
1260 2400 1362 2435 ἐδήλου,
1376 2398 1454 2428 Ἐπεὶ
1473 2397 1518 2426 καὶ
1540 2399 1554 2426 ὁ
1576 2395 1689 2435 Χριστὸς
1708 2395 1812 2434 ἔλεγεν,

1044 2463 1077 2490 Εἰ
1097 2460 1146 2498 μὲν
1159 2461 1247 2491 κακῶς
1258 2458 1375 2493 ἐλάλησα
1384 2479 1391 2493 ,
1403 2455 1571 2495 μαρτύρησον
1584 2454 1700 2493 περὶτοῦ
1715 2454 1807 2481 κακοῦ·

1043 2520 1065 2546 εἷ
1080 2517 1106 2545 δὲ
1120 2519 1208 2548 καλῶς
1217 2539 1225 2551 ,
1239 2515 1266 2544 τί
1277 2527 1309 2553 με
1322 2514 1417 2553 δέρεις;
1433 2512 1479 2541 καὶ
1491 2511 1538 2547 τὴν
1551 2510 1691 2540 ἐπιείκειαν
1709 2510 1807 2547 μᾶλλον

1043 2573 1181 2608 ἐδήλοκεν,
1195 2572 1212 2606 ἢ
1230 2574 1252 2600 εἰ
1267 2571 1389 2609 εἱσίγησε.
1412 2569 1464 2598 Καὶ
1482 2568 1572 2605 ὥσπερ
1587 2562 1659 2599 οἶτος
1672 2566 1710 2603 τῷ
1724 2562 1801 2600 aurp>
