1865 2871
515 145 547 168 IN
577 143 682 167 EPIST.
712 144 734 166 1.

55 209 93 249 ρὶς
114 209 231 244 ἔπεισαν,
246 208 337 246 πολλῷ
360 208 447 244 μεῖζον
464 206 494 235 τὸ
519 208 608 244 θαῦμα
630 205 758 245 φαίνεται.
772 203 820 238 Μὴ

52 254 137 284 τοίνυν
152 254 181 282 τὸ
196 253 232 292 μὴ
248 253 364 291 γίνεσθαι
386 256 430 281 νῦν
457 257 569 291 σημεῖα,
590 251 730 290 τεκμήριον
745 252 821 279 ποιοῦ

765 142 809 165 ΑΒ
835 140 910 164 COR.

940 140 1058 164 nonu„
1088 143 1135 166 vi.
1575 132 1618 167 53

877 208 966 240 gmata
978 202 1106 241 periculis
1119 204 1197 243 plena
1219 210 1292 233 erant
1307 216 1312 232 τ
1327 215 1357 233 ac
1377 204 1424 243 qui
1438 203 1582 234 audiebant
1596 212 1622 234 ct

878 247 1056 287 persuadendi
1071 257 1154 286 erant,
1173 250 1199 278 in
1212 251 1316 279 deliciis
1326 273 1333 287 ,
1349 251 1476 279 ebrietate
1489 258 1513 279 et
1528 251 1622 280 multis

52 303 98 330 τοῦ
111 301 148 338 μὴ
164 301 319 339 γεγενῆσθαι
332 299 399 327 τότε.
416 299 467 327 Καὶ
489 298 539 337 γὰρ
554 298 599 327 καὶ
614 299 671 326 τότε
684 297 822 337 χρησίμως
838 316 861 335 [ὦ
877 293 951 322 vitiis
964 302 1038 323 crant
1052 295 1166 324 educati.
1184 297 1278 331 Unde,
1296 307 1400 335 quaeso,
1417 298 1621 336 persuaserunt?

53 345 166 384 ἐγίνετο,
179 345 224 374 καὶ
235 347 278 372 ν’ὔν
291 344 429 383 χρησίμως
441 346 469 373 οὐ
487 345 596 383 γίνεται.
609 345 667 373 Οὐκ
681 342 822 380 ἀναγκάζει
840 344 859 365 Α
878 339 948 368 unde
963 340 1017 369 fide
1037 341 1115 380 digni
1138 344 1236 372 erant?
1250 344 1336 380 Nam,
1366 350 1394 370 ut
1419 343 1476 382 jam
1499 343 1575 379 dixi,
1599 343 1621 372 si

54 391 81 420 δὲ
95 392 126 421 τὸ
142 391 212 431 λόγῳ
228 390 364 419 πείθεσθαι
379 390 464 429 μόνῳ,
486 393 565 419 τανῦν
581 392 606 419 ἐν
619 388 696 429 σοφία
712 384 776 416 εἶναι
792 386 822 416 τὸ

54 437 186 477 κήρυγμα.
207 435 244 465 Οἵ
263 448 291 464 τε
305 435 355 474 γὰρ
375 436 400 469 ἐξ
415 437 499 474 ἀρχῆς
515 435 557 464 τὸν
572 436 648 473 λόγον
670 434 823 473 σπείραντες

53 487 65 500 “
75 484 177 513 ἰδιῶται
188 479 254 518 ἦσαν
269 483 313 511 καὶ
326 484 434 519 ἀμαθεῖς
444 505 451 518 ,
467 482 511 510 καὶ
523 481 595 510 οὐδὲν
608 482 706 511 οἴκοθεν
721 480 821 519 ἔλεγον,

54 530 112 558 οἰλλΙ
129 529 196 568 ἅπερ
211 528 332 561 ἐδέξαντο
345 527 475 566 παρὰτοῧ
490 529 573 563 Θεοῦ,
586 530 668 556 ταῦτα
687 528 720 564 τῇ
733 527 822 554 οἰκου-

55 574 120 614 μένῃ
136 574 262 603 διέδωκαν
272 585 277 591 ·
292 576 368 611 ἡμεῖς
379 585 407 601 τε
418 573 491 602 αὐτοὶ
500 576 553 609 νῦν,
564 574 592 601 οὐ
604 573 636 601 τὰ
650 571 713 612 παρ’
725 572 823 599 ἑαυτῶν

54 620 252 660 ἐπεισφέρομεν,
272 620 340 649 ἀλλὰ
356 619 371 648 ἃ
384 621 446 660 παρ’
468 619 572 648 ἐκείνων
588 618 726 657 ε’λοίὸομεν,
740 620 824 646 ταῦτα

54 668 89 700 εἷς
104 666 222 699 ἅπαντας
233 666 354 705 λέγομεν.
369 666 421 695 Καὶ
436 666 493 694 οὐῗὲ
513 670 555 695 νῦν
573 666 624 694 ἀπὸ
640 665 823 703 συλλογισμῶν

53 713 186 752 πείθομεν,
205 714 263 742 ἀλλ’
279 712 331 742 ἀπὸ
352 715 403 741 τῶν
419 712 493 741 Οείων
518 714 629 752 Γραφῶν
645 712 689 741 καὶ
704 711 755 740 ἀπὸ
771 712 823 739 τῶν

53 759 112 788 τότε
133 759 250 797 σημείων
270 758 317 794 τὴν
341 759 428 787 πίστιν
453 754 489 787 ὧν
511 759 622 797 λέγομεν
644 757 823 798 παρεχόμεθα.

53 805 106 834 Καὶ
120 799 190 833 οὗτοι
205 803 232 833 δὲ
247 804 305 834 τότε
321 805 380 844 οὗχί
395 804 512 842 σημείοις
523 805 625 833 ἔπειθον
638 805 740 843 μόνοις,
755 802 823 832 ἀλλὰ

52 863 97 879 και
111 851 307 888 διαλεγόμενοι·
319 862 378 883 τους
392 850 417 879 δὲ
430 850 543 889 λόγους’
537 861 718 889 ισχυροτερους
740 848 822 878 ἐποίει

875 386 976 424 absque
989 387 1073 426 siguis
1087 395 1289 427 persuaserunt,
1304 389 1390 417 multo
1414 390 1499 427 majus
1515 389 1622 418 videtur

876 431 1044 461 miraculum.
1069 434 1109 462 Ne
1129 434 1218 473 itaque
1238 445 1272 462 ex
1295 445 1343 469 eo,
1365 434 1438 472 quod
1453 444 1523 462 nunc
1546 434 1621 473 signa

877 487 929 506 non
949 478 1014 507 fiant
1024 501 1031 515 ‚
1058 487 1247 518 argumentum
1269 480 1353 508 ducas
1374 487 1437 508 tunc
1461 479 1541 508 etiam
1569 491 1622 509 non

877 523 965 553 fuisse.
983 524 1090 554 Etenim
1106 533 1169 555 tunc
1183 526 1283 554 utiliter
1307 526 1406 554 fiebant
1417 548 1424 561 ,
1439 532 1464 554 et
1478 536 1549 554 nunc
1565 526 1623 554 uti-

877 570 938 599 liter
951 581 1003 600 non
1018 572 1097 601 fiunt.
1115 573 1174 601 Non
1187 572 1333 601 necessario
1347 572 1469 610 sequitur
1488 578 1578 600 autem
1589 582 1625 601 ex

877 627 907 646 eo
922 617 995 656 quod
1010 628 1080 647 nunc
1093 619 1174 648 verbo
1187 626 1291 647 tantum
1306 618 1448 653 suadetur,
1462 617 1571 647 nuncin
1586 629 1625 646 sa-

878 663 975 702 pientia
988 663 1206 703 prccdicationem
1228 675 1292 693 esse.
1312 665 1381 692 Nam
1395 671 1420 692 et
1434 663 1479 702 qui
1497 663 1531 691 ab
1546 663 1624 692 initio

879 710 993 739 verbum
1006 711 1180 748 seminabant,
1195 710 1284 740 idiotae
1300 718 1325 740 et
1335 710 1435 739 indocti
1451 717 1535 747 erant,
1546 717 1571 739 et
1582 711 1624 739 ni-

878 755 918 784 hil
931 766 965 784 ex
977 767 1004 784 se
1016 756 1152 790 dicebant,
1163 756 1211 785 sed
1224 767 1283 795 quae
1297 763 1452 796 acceperant
1465 767 1480 784 a
1492 756 1624 792 Deo‚hoec

877 802 935 830 orbi
958 809 1089 831 terrarum
1111 802 1261 832 dederunt:
1282 810 1307 831 et
1324 813 1372 831 nos
1395 803 1446 842 ipsi
1462 813 1533 831 nunc
1547 825 1554 839 ,
1569 813 1622 831 non

877 858 936 898 quse
947 859 962 876 a
974 848 1049 876 nobis
1060 856 1121 877 sunt
1136 849 1286 886 tradimus,
1303 848 1349 877 sed
1367 859 1426 886 quae
1444 848 1498 876 ab'
1491 849 1557 888 ipsis
1577 859 1622 877 ac-

52 896 187 936 φαίνεσθαι
199 896 232 924 τὰ
248 899 346 933 σημεῖα
371 895 416 924 καὶ
429 898 455 924 αἱ
467 907 496 924 εκ
517 897 564 929 ’.ἧς
585 897 700 925 παλαιᾶς
715 895 823 932 Γραφης
841 895 858 917 Β
877 893 1014 932 cepimus,
1030 893 1087 922 liaec
1100 894 1224 923 omnibus
1238 894 1364 923 dicimus.
1380 896 1473 932 Neque
1485 905 1556 922 nunc
1567 895 1623 933 syl-

52 941 212 981 μαρτυρίαι,
226 943 275 980 οὐχ
290 943 306 975 ἡ
321 941 437 975 δεινότης
449 952 500 969 των
514 940 673 996 λεγομένων.
684 941 747 972 Πως
769 942 823 975 οὐν,

51 987 132 1027 φησὶ,
144 987 276 1026 χρήσιμον
290 986 349 1015 τότε
362 985 396 1014 τὰ
410 990 523 1024 σημεῖα,
542 998 587 1015 και
605 988 649 1014 νῦν
673 987 701 1014 οὐ
723 997 821 1024 χρησι-

52 1045 117 1071 μον;
133 1032 309 1070 Ὑποθώμεθα
330 1034 368 1072 τῷ
383 1032 454 1072 λόγῳ
467 1032 548 1070 (πρὸς
562 1032 613 1071 γὰρ
634 1031 677 1061 τὸν
700 1030 822 1066 ἽΞλληνά

53 1090 98 1118 μοι
111 1078 177 1110 τέως
188 1081 201 1107 ὁ
216 1077 286 1117 ἀγών
297 1090 303 1095 ·
325 1078 367 1106 διὰ
384 1082 459 1107 τοῦτο
479 1079 537 1107 καθ’
553 1078 675 1106 ὑπόθεσιν
698 1077 767 1116 λέγω
791 1077 822 1106 τὸ

51 1125 156 1157 πάντως
173 1124 317 1162 ἐσόμενον),
337 1124 495 1162 ὓποθώμεθα
511 1124 596 1153 τοίνυν
615 1126 653 1163 τῷ
673 1124 743 1164 λόγῳ
755 1147 762 1160 ,
777 1123 821 1152 καὶ

52 1169 208 1210 ἀνασχέσθω
219 1173 357 1199 πιστεῦσαι
373 1173 386 1198 ὁ
401 1170 511 1203 ἄπιστος
527 1169 575 1199 κᾶν
589 1170 657 1199 κατὰ
674 1170 821 1208 συνδρομὴν

51 1220 106 1249 τοῖς
121 1215 286 1254 λεγομένοις,
307 1212 388 1246 οἷον
373 1228 414 1245 οτι
427 1218 440 1245 ὁ
452 1217 566 1255 Χριστος
577 1217 650 1251 ἥξει
673 1229 735 1246 οταν
750 1219 793 1245 οὖν
808 1218 821 1244 ὁ

52 1261 165 1301 Χριστος
178 1261 240 1299 ἔλθῃ
252 1262 296 1291 καὶ
307 1262 402 1294 πάντες
415 1264 439 1291 οἱ
461 1262 566 1301 ἄγγελοι
580 1263 637 1301 μετ’
658 1263 736 1291 αὐτοῦ
749 1283 756 1297 ‚
777 1274 821 1291 και

53 1308 143 1346 δειχθῇ
156 1307 223 1340 Θεὸς
235 1307 279 1336 καὶ
294 1307 380 1336 πάντα
396 1308 466 1336 αὐτῶ
481 1308 697 1347 ὑποτεταγμένα,
720 1310 749 1337 οὗ
776 1320 821 1336 πι-

876 939 997 977 logismis
1015 939 1223 978 persuade1n1153
1239 939 1287 968 scd
1301 950 1335 968 ex
1359 939 1460 967 dumis
1481 940 1622 978 scripturis

876 991 942 1012 etex
954 984 997 1021 iiS‚
1010 995 1070 1022 quae
1080 990 1143 1012 tunc
1155 985 1223 1012 sacta
1233 991 1293 1012 sunt
1304 984 1402 1023 signis,
1415 984 1497 1012 fidem
1508 985 1622 1013 facimus

875 1029 908 1058 iis
920 1040 980 1068 qum
993 1029 1118 1058 dicimus.
1135 1029 1171 1058 Et
1193 1029 1233 1057 illi
1255 1040 1360 1068 quoque
1380 1037 1444 1058 tunc
1467 1040 1520 1058 non
1537 1031 1622 1069 signis

875 1083 979 1104 tantum
993 1075 1206 1116 persuadebant,
1221 1076 1268 1105 sed
1278 1076 1359 1105 etiam
1370 1076 1536 1105 disserendo.
1550 1078 1620 1106 Ver-

876 1122 909 1150 ba
921 1129 1011 1150 autem
1024 1122 1173 1150 efficaciora
1186 1133 1200 1150 a
1211 1122 1294 1161 signis
1305 1121 1505 1160 reddebantur,
1519 1133 1621 1152 necnon

877 1180 891 1197 a
908 1169 1067 1198 testimoniis
1092 1169 1198 1198 Veteris
1221 1169 1404 1205 Testamenti,
1421 1179 1474 1197 non
1489 1176 1579 1198 autem
1607 1180 1622 1198 a

877 1215 1009 1255 gravitate
1022 1222 1047 1244 et
1060 1215 1210 1253 eloquentia
1231 1214 1375 1245 dictorum.
1391 1216 1446 1244 Cur
1470 1226 1533 1255 ergo
1546 1239 1554 1251 ,
1578 1216 1620 1245 in-

877 1262 967 1301 quies,
983 1269 1046 1291 tunc
1072 1262 1150 1290 utilia
1169 1262 1245 1301 signa
1264 1269 1356 1299 erant,
1371 1272 1442 1290 nune
1462 1273 1513 1291 non
1533 1262 1621 1291 item?

877 1309 1066 1348 Supponamus
1083 1310 1157 1344 (cum
1178 1308 1274 1336 Graeco
1289 1307 1359 1336 enim
1373 1307 1501 1346 disputo,
1523 1315 1548 1336 et
1562 1308 1622 1337 ideo

50 1353 152 1382 στεῦσει
169 1353 214 1382 καὶ
227 1355 239 1382 ὁ
251 1353 371 1390 εἘλληνς
387 1353 536 1410 Εὔδηλον
520 1366 560 1383 οτι
574 1366 619 1383 και
631 1354 819 1395 προσκυνήσει,
839 1367 857 1390 c
876 1366 924 1395 pc1
938 1354 1100 1395 hypothesin
1109 1354 1170 1382 dico
1185 1353 1213 1382 id
1222 1353 1295 1392 quod
1306 1354 1415 1382 omnino
1427 1354 1549 1382 futurum
1561 1358 1621 1392 est),

48 1411 93 1429 και
104 1400 195 1430 Θεὸν’
184 1405 252 1440 ερεῖ,
266 1401 314 1429 κᾶν
329 1400 451 1440 μυριάκις
468 1401 625 1434 ἀνένδοτος
613 1413 639 1440 ῃ.

88 1769 137 1802 Τίς
152 1768 203 1808 γὰρ
217 1770 284 1808 ὁρῶν
295 1769 354 1802 τοὺς
368 1769 491 1809 οὐρανοὺς
503 1770 680 1809 ἀνεῳγμένους
689 1794 696 1806 ,
710 1770 755 1799 καὶ
770 1772 818 1799 αὖ-

47 1815 92 1844 τὸν
106 1815 150 1844 ἐπὶ
170 1817 221 1844 τῶν
235 1817 347 1854 νεφελῶν
364 1816 518 1856 ἐρχόμενον,
536 1818 581 1845 καὶ
598 1818 686 1846 πάντα
711 1817 753 1846 τὸν
770 1819 818 1853 δῆ-

49 1873 98 1899 μον
122 1863 174 1889 τῶν
196 1861 250 1889 ἅνω
276 1861 411 1899 δυνάμεων
439 1862 510 1901 αὐτῷ
536 1862 754 1902 περικεχυμένον,
775 1863 818 1892 καὶ

48 1919 181 1945 ποταμους
194 1907 274 1946 πυρὸς
283 1906 296 1922 ¹¹
308 1907 477 1945 ἑλκομένους,
502 1920 546 1937 και
561 1909 661 1942 πάντας
676 1912 818 1948 παρεστῶ-

47 1964 95 1986 τας
108 1953 153 1981 καὶ
166 1952 325 1992 τρέμοντας,
340 1953 400 1992 οὐχὶ
415 1965 604 1992 προσκυνησει,
617 1966 662 1983 και
673 1955 742 1984 Θεὸν
752 1955 819 1994 ἡγή-

49 2011 138 2035 <xe-cetu
153 1993 210 2037 Ἆρ’
232 1995 286 2035 οὐν,
302 1999 359 2028 εἴτι-ε’
371 2011 416 2035 μοι
425 2000 634 2038 ,λογισθήσεται
650 2003 688 2040 τῷ
704 2000 775 2030 “Ἐλ)
776 2014 819 2036 ηνι

49 2047 86 2078 εἷς
101 2045 189 2074 πίστιν
200 2047 216 2080 ἡ
231 2057 407 2084 προσκυνησις
422 2046 507 2082 εκείνη
522 2059 567 2075 και
578 2049 594 2082 ἡ
610 2050 718 2086 γνῶσις,
733 2049 819 2077 Οὐδα-

49 2093 114 2128 μῶς.
125 2091 161 2120 Τί
177 2091 289 2126 δήποτε,
306 2091 369 2121 ιὈτι
383 2096 458 2121 τοῦτο
474 2093 562 2126 πίστις
577 2094 623 2122 οὐκ
637 2094 706 2123 ἔστιν
718 2106 724 2112 ·
738 2098 754 2130 ἡ
767 2095 819 2135 γὰρ

49 2137 151 2176 ἀνάγκη
159 2139 237 2166 τοῦτο
246 2137 354 2172 ἐποίησε
363 2139 408 2167 καὶ
415 2141 431 2174 ἢ
438 2139 593 2179 περιφάνεια
604 2142 655 2169 τῶν
669 2141 818 2180 ὁρωμένων,

876 1401 1165 1440 supponamusigitur,
1177 1407 1202 1428 et
1220 1400 1340 1440 patiatur
1359 1400 1514 1429 inc1edulus
1528 1401 1623 1430 saltem

875 1447 910 1476 ad
933 1446 1123 1487 disputationis
1145 1453 1249 1485 tempus
1279 1446 1401 1474 assentiri
1426 1446 1622 1484 dictis,xe1Li

876 1493 974 1532 gratia,
996 1493 1069 1532 quod
1093 1493 1217 1521 Christus
1237 1499 1366 1520 venturus
1388 1492 1423 1520 sit
1446 1503 1452 1520 :
1477 1503 1538 1520 cum
1559 1503 1622 1531 ergo

876 1539 1000 1567 Christus
1013 1538 1115 1567 venerit
1130 1545 1156 1566 et
1169 1548 1259 1566 omnes
1273 1537 1360 1576 angeli
1375 1548 1436 1565 cum
1447 1548 1477 1565 eo
1487 1560 1494 1573 ‚
1508 1544 1534 1566 et
1549 1539 1621 1566 Deus

875 1596 930 1614 esse
946 1592 1065 1613 ostensus
1079 1584 1174 1619 fuerit,
1193 1583 1336 1620 omniaque
1351 1583 1402 1622 ipsi
1417 1583 1536 1621 subjecta
1551 1594 1618 1619 esse,

875 1642 962 1660 annon
975 1632 1031 1670 ipse
1040 1632 1152 1659 Graecus
1160 1629 1271 1658 credet?
1280 1629 1376 1658 Credet
1388 1629 1481 1667 utique
1491 1636 1515 1657 ct
1527 1629 1621 1658 adora-

874 1677 932 1714 bit,
948 1688 978 1705 ac
994 1678 1082 1705 Deum
1097 1687 1152 1705 esse
1171 1675 1256 1712 dicet,
1275 1674 1379 1703 etiamsi
1397 1674 1546 1704 admodum
1561 1686 1621 1715 per-

875 1724 950 1752 tinax
964 1724 1053 1752 fuerit.

914 1771 941 1798 5.
959 1771 1027 1805 Quis
1042 1770 1113 1798 enim
1135 1768 1230 1797 videns
1246 1767 1325 1796 caelos
1342 1774 1466 1807 apertos,
1491 1767 1580 1806 ipsum
1592 1767 1619 1796 in

873 1817 992 1845 nubibus
1007 1814 1157 1844 venientem
1165 1837 1172 1849 ‚
1184 1820 1322 1851 totumque
1333 1820 1430 1841 coetum
1441 1823 1620 1852 supernarum

873 1863 1036 1890 potestatum
1045 1860 1237 1889 circumfusum
1244 1881 1252 1895 ,
1262 1859 1359 1887 fluvios
1372 1859 1461 1897 igneos
1472 1865 1618 1895 manantes,

873 1918 964 1937 omnes
979 1907 1113 1935 adstantes
1133 1916 1164 1934 ac
1187 1911 1328 1933 trementes
1341 1927 1348 1941 ,
1363 1915 1415 1933 non
1432 1904 1569 1942 adorabit,
1595 1912 1620 1933 et

874 1956 963 1983 Deum
978 1951 1164 1982 existimabit?
1181 1951 1254 1979 Num
1270 1961 1333 1989 ergo
1343 1973 1350 1984 ,
1367 1950 1413 1979 dic
1425 1962 1514 1989 quaeso
1524 1973 1533 1988 ,
1549 1950 1619 1980 ado—

874 2000 942 2029 ratio
956 2006 980 2028 et
994 1998 1113 2037 cognitio
1127 1997 1174 2025 illa
1188 1997 1283 2026 Graeco
1298 1996 1325 2024 in
1340 1996 1421 2025 fidem
1435 1997 1620 2036 reputabitur?

874 2046 997 2076 Minime.
1013 2044 1124 2081 Quare?
1140 2043 1213 2080 Quia
1231 2044 1280 2071 hoc
1294 2043 1362 2072 fides
1377 2053 1429 2072 non
1443 2050 1482 2072 est
1498 2056 1504 2071 :
1525 2053 1620 2072 neces-

873 2093 936 2122 sitas
951 2092 1072 2130 quippe,
1098 2097 1123 2118 et
1144 2100 1236 2118 corum
1256 2100 1316 2128 quae
1340 2096 1470 2129 apparent
1484 2089 1619 2119 evidentia

873 2139 900 2167 id
915 2137 1017 2174 effecit,
1033 2146 1085 2164 non
1100 2135 1246 2165 voluntatis
1261 2135 1444 2174 propositum;
1465 2135 1512 2164 sed
1531 2146 1546 2163 a
1561 2146 1619 2163 ma-

49 2182 95 2211 καὶ
108 2184 154 2212 οὐκ
168 2182 267 2212 ἔστιτὸ
280 2188 391 2223 πρᾶγμα
408 2185 600 2224 προαιρέσεως,
622 2188 680 2215 ἀλλ’
700 2187 753 2216 ἀπὸ
774 2190 819 2216 τοῦ
838 2196 856 2219 D
873 2185 1015 2226 gnitudine
1037 2194 1126 2213 rerum
1146 2193 1206 2221 quae
1236 2181 1362 2211 videntur
1387 2189 1520 2222 pertracta
1546 2192 1620 2210 mens

50 2228 173 2267 μεγέθους
183 2230 234 2257 τῶν
244 2229 372 2268 ὀφθέντων
381 2229 414 2258 τὰ
424 2233 471 2266 τῆς
483 2231 596 2265 διανοίας
607 2232 740 2269 εἱλκύσθη.
748 2235 820 2262 Οὐκ-

48 2277 93 2303 οῦν
112 2275 165 2314 ὅσῳ
188 2275 217 2302 ἂν
238 2275 385 2314 ςφανότερα
412 2276 457 2304 καὶ
487 2278 737 2319 ἀναγκαστικώτερα
751 2276 769 2318 ἦ
785 2280 818 2309 τὰ

47 2321 188 2359 γινόμενα,
203 2321 318 2361 τοσούτῳ
337 2321 371 2350 τὰ
387 2323 433 2356 τῆς
449 2322 562 2356 πίστεως
577 2325 761 2354 ἐλαττοῦνται·
778 2326 821 2356 διὰ

48 2369 124 2396 τοῦτο
145 2371 242 2405 σημεῖα
264 2370 307 2396 ν’ῦν
330 2369 358 2396 οὗ
381 2367 489 2406 γίνεται.
506 2369 558 2397 Καὶ
582 2369 622 2398 ὅτι
647 2373 722 2400 τοῦτο’
738 2374 819 2410 ἐστιν,

86 2467 95 2478 ·
113 2460 152 2483 Ita
162 2459 223 2492 Reg.
236 2460 271 2492 [et
281 2461 382 2493 nosti-ik
396 2461 465 2486 Editi
478 2471 536 2487 xero
554 2466 639 2491 ἰδιῶται
656 2470 812 2499 uiduam-'13

85 2499 98 2516 b
116 2498 156 2521 Ita
167 2498 256 2529 Regius
268 2498 353 2524 Codex
361 2500 429 2532 [cum
440 2503 551 2534 nostris];
562 2503 631 2528 Editi
645 2514 703 2530 xero
716 2510 814 2541 ἐιχοαέ

53 2548 108 2566 ²225
121 2537 167 2561 Hic
177 2535 296 2562 alluditur
306 2537 339 2563 ad
353 2520 414 2564 illud
427 2540 536 2566 Danielis
546 2543 570 2571 7,
583 2544 620 2570 10
633 2551 736 2579 eenoch,-
746 2553 816 2582 mab,-

873 2233 935 2262 suit.
953 2233 1046 2270 Itaque
1069 2236 1167 2269 quanto
1183 2228 1268 2268 magis
1293 2229 1365 2257 clara
1385 2235 1411 2257 et
1433 2228 1468 2257 ad
1491 2227 1618 2256 credendi

875 2279 1056 2309 necessitatem
1081 2275 1241 2305 adducentia
1263 2282 1325 2304 sunt
1348 2275 1413 2311 illa,
1440 2281 1512 2303 tanto
1534 2273 1620 2311 magis

875 2327 942 2356 fides
953 2325 1096 2355 minuitur.
1122 2323 1186 2352 Ideo
1214 2332 1286 2350 nunc
1309 2321 1385 2360 signa
1403 2332 1454 2349 non
1481 2320 1560 2348 fiunt.
1584 2320 1620 2348 Et

866 2373 939 2414 quod
953 2383 994 2402 res
1009 2373 1046 2400 ita
1061 2381 1088 2400 se
1108 2370 1205 2399 habeat
1216 2392 1224 2404 ,
1243 2368 1307 2397 audi
1325 2368 1392 2406 quid
1406 2367 1479 2396 dicat
1493 2367 1527 2396 ad
1543 2367 1620 2396 Tho-

865 2471 924 2495 eux?
926 2481 945 2493 ν

897 2515 906 2526 ‘
925 2508 1061 2542 [φανότιρςι
1080 2506 1108 2529 Λ.
1128 2503 1210 2528 Ceteri
1229 2513 1287 2534 μη
1287 2512 1348 2535 :ms
1347 2512 1384 2528 :a
1405 2500 1518 2526 Eandem
1537 2509 1623 2526 corre-

865 2548 975 2573 ctionem
988 2543 1132 2570 fecimus'r
1147 2544 1171 2566 (1
1187 2550 1209 2573 p.
1222 2541 1269 2565 715
1274 2540 1335 2571 Ε]
